NFORM;nnper;nvj;netp;IDPERVE;BL;EB0P1;EB0P2;EB1P1;EB1P2;EB1P3;EB1P4;EB1P5;EB1P6;EB1P7;EB2P1;EB6P1;EB3P1;EB4P1;EB4P2;EB4P3;EB5BP1L;EB5BP4;EB5P5;INSE;INSE_RecF;EstratoGeografico;wcal0;codsegparadasube;codsegparadabaja
1004;1;1;1;1004010101;2; ; ; ; ; ; ; ; ; ;7;3; ; ; ; ; ; ; ;42;M;Montevideo Medio Bajo;597,1607578; ; 
1004;1;1;2;1004010102;51;0; ; ; ; ; ; ; ; ; ; ; ; ; ; ;174;5;3;42;M;Montevideo Medio Bajo;597,1607578;109008;122130
1004;1;1;3;1004010103;2; ; ; ; ; ; ; ; ; ;6;3; ; ; ; ; ; ; ;42;M;Montevideo Medio Bajo;597,1607578; ; 
1004;1;2;1;1004010201;2; ; ; ; ; ; ; ; ; ;6;3; ; ; ; ; ; ; ;42;M;Montevideo Medio Bajo;597,1607578; ; 
1004;1;2;2;1004010202;51;0;1; ; ; ; ; ; ; ; ; ; ; ; ; ;148;30;3;42;M;Montevideo Medio Bajo;597,1607578; ;109005
1004;1;3;1;1004010301;2; ; ; ; ; ; ; ; ; ;13;3; ; ; ; ; ; ; ;42;M;Montevideo Medio Bajo;597,1607578; ; 
1004;2;1;1;1004020101;51;4;0; ; ; ; ; ; ; ; ; ; ; ; ; ;148;10;99;42;M;Montevideo Medio Bajo;597,1607578;109008;121026
1004;2;1;2;1004020102;54; ; ; ; ; ; ; ; ; ; ; ; ; ; ; ; ; ; ;42;M;Montevideo Medio Bajo;597,1607578; ; 
1004;2;2;1;1004020201;51;1;1; ; ; ; ; ; ; ; ; ; ; ; ; ;127;99;99;42;M;Montevideo Medio Bajo;597,1607578;1606115;116030
1004;2;2;2;1004020202;51; ; ; ; ; ; ; ; ; ; ; ; ; ; ; ;L27;999;99;42;M;Montevideo Medio Bajo;597,1607578;116030;109004
1004;3;1;1;1004030101;2; ; ; ; ; ; ; ; ; ;13;3; ; ; ; ; ; ; ;42;M;Montevideo Medio Bajo;597,1607578; ; 
1004;3;2;1;1004030201;2; ; ; ; ; ; ; ; ; ;13;3; ; ; ; ; ; ; ;42;M;Montevideo Medio Bajo;597,1607578; ; 
1005;1;1;1;1005010101;11;0;2;2;2; ; ;2; ;0; ; ; ; ; ; ; ; ; ;60;A+;Montevideo Medio;634,7601675; ; 
1005;1;2;1;1005010201;11;2;0;5;2; ; ;2; ;0; ; ; ; ; ; ; ; ; ;60;A+;Montevideo Medio;634,7601675; ; 
1005;1;3;1;1005010301;11;0;0;2;2; ; ;2; ;0; ; ; ; ; ; ; ; ; ;60;A+;Montevideo Medio;634,7601675; ; 
1005;1;4;1;1005010401;11;0;0;5;2; ; ;2; ;0; ; ; ; ; ; ; ; ; ;60;A+;Montevideo Medio;634,7601675; ; 
1005;2;1;1;1005020101;51;2;0; ; ; ; ; ; ; ; ; ; ; ; ; ;526;15;1;60;A+;Montevideo Medio;634,7601675;121026;123003
1005;2;2;1;1005020201;51;1;2; ; ; ; ; ; ; ; ; ; ; ; ; ;151;10;1;60;A+;Montevideo Medio;634,7601675;123101;121027
1006;2;1;1;1006020101;2; ; ; ; ; ; ; ; ; ;1; ; ; ; ; ; ; ; ;39;M;Montevideo Medio Bajo;662,2317415; ; 
1006;2;2;1;1006020201;2; ; ; ; ; ; ; ; ; ;1; ; ; ; ; ; ; ; ;39;M;Montevideo Medio Bajo;662,2317415; ; 
1007;1;1;1;1007010101;11;0;0;1;2; ; ;2; ;0; ; ; ; ; ; ; ; ; ;45;M+;Montevideo Medio Bajo;472,9245084; ; 
1007;1;2;1;1007010201;11;0;0;5;2; ; ;2; ;0; ; ; ; ; ; ; ; ; ;45;M+;Montevideo Medio Bajo;472,9245084; ; 
1009;1;1;1;1009010101;2; ; ; ; ; ; ; ; ; ;1; ; ; ; ; ; ; ; ;35;M-;Montevideo Medio;314,2574189; ; 
1009;1;2;1;1009010201;2; ; ; ; ; ; ; ; ; ;1; ; ; ; ; ; ; ; ;35;M-;Montevideo Medio;314,2574189; ; 
1009;2;1;1;1009020101;51;1;0; ; ; ; ; ; ; ; ; ; ; ; ; ;2;25;15;35;M-;Montevideo Medio;314,2574189;109022;109016
1009;2;2;1;1009020201;51;0;2; ; ; ; ; ; ; ; ; ; ; ; ; ;174;25;15;35;M-;Montevideo Medio;314,2574189;109010;109022
1009;2;3;1;1009020301;2; ; ; ; ; ; ; ; ; ;2; ; ; ; ; ; ; ; ;35;M-;Montevideo Medio;314,2574189; ; 
1011;1;1;1;1011010101;2; ; ; ; ; ; ; ; ; ;5;7; ; ; ; ; ; ; ;46;M+;Montevideo Medio;582,3194513; ; 
1011;1;1;2;1011010102;51;0;3; ; ; ; ; ; ; ; ; ; ; ; ; ;2A;10;11;46;M+;Montevideo Medio;582,3194513;114108;120029
1011;1;2;1;1011010201;2; ; ; ; ; ; ; ; ; ;1; ; ; ; ; ; ; ; ;46;M+;Montevideo Medio;582,3194513; ; 
1011;1;3;1;1011010301;2; ; ; ; ; ; ; ; ; ;1; ; ; ; ; ; ; ; ;46;M+;Montevideo Medio;582,3194513; ; 
1014;1;1;1;1014010101;12; ; ;2;2; ; ;2; ;1; ; ; ; ; ; ; ; ; ;56;A-;Montevideo Medio;314,2574189; ; 
1014;1;2;1;1014010201;12; ; ;5;2; ; ;2; ;1; ; ; ; ; ; ; ; ; ;56;A-;Montevideo Medio;314,2574189; ; 
1014;2;1;1;1014020101;11; ; ;2;2; ; ;2; ;1; ; ; ; ; ; ; ; ; ;56;A-;Montevideo Medio;314,2574189; ; 
1014;2;2;1;1014020201;11; ; ;5;2; ; ;2; ;1; ; ; ; ; ; ; ; ; ;56;A-;Montevideo Medio;314,2574189; ; 
1016;1;1;1;1016010101;51;3;2; ; ; ; ; ; ; ; ; ; ; ; ; ;148;999;3;37;M;Montevideo Medio Bajo;557,1963595;109008;101104
1016;1;2;1;1016010201;51;3;3; ; ; ; ; ; ; ; ; ; ; ; ; ;148;999;99;37;M;Montevideo Medio Bajo;557,1963595;101104;109008
1016;2;1;1;1016020101;51;3;1; ; ; ; ; ; ; ; ; ; ; ; ; ;148;5;3;37;M;Montevideo Medio Bajo;557,1963595;109008;109056
1016;2;1;2;1016020102;51;0;0; ; ; ; ; ; ; ; ; ; ; ; ; ;147;1;3;37;M;Montevideo Medio Bajo;557,1963595;109056;121104
1016;2;2;1;1016020201;51;1;0; ; ; ; ; ; ; ; ; ; ; ; ; ;L29;5;3;37;M;Montevideo Medio Bajo;557,1963595;121104;109056
1016;2;2;2;1016020202;51;0;3; ; ; ; ; ; ; ; ; ; ; ; ; ;174;5;3;37;M;Montevideo Medio Bajo;557,1963595;109056;109008
1016;3;1;1;1016030101;51;3;2; ; ; ; ; ; ; ; ; ; ; ; ; ;329;3;8;37;M;Montevideo Medio Bajo;557,1963595;109008;124005
1016;3;2;1;1016030201;51;3;3; ; ; ; ; ; ; ; ; ; ; ; ; ;329;10;8;37;M;Montevideo Medio Bajo;557,1963595;124108;109010
1016;4;1;1;1016040101;51;3;0; ; ; ; ; ; ; ; ; ; ; ; ; ;174;10;3;37;M;Montevideo Medio Bajo;557,1963595;109008;121106
1016;4;1;2;1016040102;51;0;0; ; ; ; ; ; ; ; ; ; ; ; ; ;405;10;3;37;M;Montevideo Medio Bajo;557,1963595;121106;111238
1016;4;1;3;1016040103;2; ; ; ; ; ; ; ; ; ;5;99; ; ; ; ; ; ; ;37;M;Montevideo Medio Bajo;557,1963595; ; 
1017;1;1;1;1017010101;3; ; ; ; ; ; ; ; ; ; ; ;1; ; ; ; ; ; ;32;M-;Montevideo Medio;532,7551575; ; 
1017;1;2;1;1017010201;3; ; ; ; ; ; ; ; ; ; ; ;1; ; ; ; ; ; ;32;M-;Montevideo Medio;532,7551575; ; 
1017;2;1;1;1017020101;2; ; ; ; ; ; ; ; ; ;2; ; ; ; ; ; ; ; ;32;M-;Montevideo Medio;532,7551575; ; 
1017;2;2;1;1017020201;2; ; ; ; ; ; ; ; ; ;2; ; ; ; ; ; ; ; ;32;M-;Montevideo Medio;532,7551575; ; 
1017;2;3;1;1017020301;51;3;1; ; ; ; ; ; ; ; ; ; ; ; ; ;526;10;1;32;M-;Montevideo Medio;532,7551575;109022;112227
1017;2;4;1;1017020401;51;0;1; ; ; ; ; ; ; ; ; ; ; ; ; ;526;5;1;32;M-;Montevideo Medio;532,7551575;112125;109023
1017;3;1;1;1017030101;2; ; ; ; ; ; ; ; ; ;7;5; ; ; ; ; ; ; ;32;M-;Montevideo Medio;532,7551575; ; 
1017;3;2;1;1017030201;53;0;0; ; ; ; ; ; ; ; ; ; ; ; ; ; ; ; ;32;M-;Montevideo Medio;532,7551575; ; 
1019;1;1;1;1019010101;51;2;1; ; ; ; ; ; ; ; ; ; ; ; ; ;4A;10;14;51;A-;Montevideo Medio;583,0560333;109022;106104
1019;1;2;1;1019010201;51;2;2; ; ; ; ; ; ; ; ; ; ; ; ; ;149;10;1;51;A-;Montevideo Medio;583,0560333;106102;115013
1019;1;3;1;1019010301;51;2;1; ; ; ; ; ; ; ; ; ; ; ; ; ;522;10;1;51;A-;Montevideo Medio;583,0560333;115114;106202
1019;1;4;1;1019010401;51;1;0; ; ; ; ; ; ; ; ; ; ; ; ; ;522;0;1;51;A-;Montevideo Medio;583,0560333;106202;121130
1019;1;4;2;1019010402;42;0;0; ; ; ; ; ; ; ; ; ; ;180;2;0; ; ; ;51;A-;Montevideo Medio;583,0560333; ; 
1021;1;1;1;1021010101;51;2;1; ; ; ; ; ; ; ; ; ; ; ; ; ;169;10;4;51;A-;Montevideo Medio;267,57973;112015;101204
1021;1;2;1;1021010201;51;3;0; ; ; ; ; ; ; ; ; ; ; ; ; ;103;2;4;51;A-;Montevideo Medio;267,57973;101105;123206
1021;1;3;1;1021010301;51;0;2; ; ; ; ; ; ; ; ; ; ; ; ; ;185;1;4;51;A-;Montevideo Medio;267,57973;123212;112015
1021;1;4;1;1021010401;2; ; ; ; ; ; ; ; ; ;6;5; ; ; ; ; ; ; ;51;A-;Montevideo Medio;267,57973; ; 
1021;1;5;1;1021010501;2; ; ; ; ; ; ; ; ; ;6;5; ; ; ; ; ; ; ;51;A-;Montevideo Medio;267,57973; ; 
1022;1;1;1;1022010101;11;0;0;5;2; ; ;2; ;0; ; ; ; ; ; ; ; ; ;60;A+;Montevideo Medio;379,1642397; ; 
1022;1;2;1;1022010201;11;0;0;5;2; ; ;2; ;0; ; ; ; ; ; ; ; ; ;60;A+;Montevideo Medio;379,1642397; ; 
1023;1;1;1;1023010101;51;1;1; ; ; ; ; ; ; ; ; ; ; ; ; ;185;10;1;29;B+;Zona III - Cuenca Cerro Norte NoBajo;110,9888526;120003;124202
1023;1;2;1;1023010201;51;1;0; ; ; ; ; ; ; ; ; ; ; ; ; ;427;5;3;29;B+;Zona III - Cuenca Cerro Norte NoBajo;110,9888526;124003;115206
1023;1;2;2;1023010202;51;0;3; ; ; ; ; ; ; ; ; ; ; ; ; ;99999;1;3;29;B+;Zona III - Cuenca Cerro Norte NoBajo;110,9888526;115206;107106
1023;1;3;1;1023010301;51;1;1; ; ; ; ; ; ; ; ; ; ; ; ; ;137;15;1;29;B+;Zona III - Cuenca Cerro Norte NoBajo;110,9888526;107208;120003
1023;2;1;1;1023020101;51;1;0; ; ; ; ; ; ; ; ; ; ; ; ; ;185;15;10;29;B+;Zona III - Cuenca Cerro Norte NoBajo;110,9888526;120003;120039
1023;2;2;1;1023020201;51;0;1; ; ; ; ; ; ; ; ; ; ; ; ; ;185;10;10;29;B+;Zona III - Cuenca Cerro Norte NoBajo;110,9888526;120039;120003
1024;1;1;1;1024010101;12;0;0;2;2; ; ;2; ;1; ; ; ; ; ; ; ; ; ;57;A-;Montevideo Medio;600,8422525; ; 
1024;1;2;1;1024010201;12;0;0;5;2; ; ;2; ;1; ; ; ; ; ; ; ; ; ;57;A-;Montevideo Medio;600,8422525; ; 
1024;2;1;1;1024020101;51;2;2; ; ; ; ; ; ; ; ; ; ; ; ; ;195;10;3;57;A-;Montevideo Medio;600,8422525;121142;120039
1024;2;1;2;1024020102;51;2;2; ; ; ; ; ; ; ; ; ; ; ; ; ;427;15;3;57;A-;Montevideo Medio;600,8422525;114006;114018
1024;2;2;1;1024020201;51;2;2; ; ; ; ; ; ; ; ; ; ; ; ; ;427;10;3;57;A-;Montevideo Medio;600,8422525;114018;114006
1024;2;2;2;1024020202;51;2;2; ; ; ; ; ; ; ; ; ; ; ; ; ;195;20;3;57;A-;Montevideo Medio;600,8422525;120039;121142
1024;2;3;1;1024020301;2; ; ; ; ; ; ; ; ; ;1; ; ; ; ; ; ; ; ;57;A-;Montevideo Medio;600,8422525; ; 
1024;2;4;1;1024020401;2; ; ; ; ; ; ; ; ; ;1; ; ; ; ; ; ; ; ;57;A-;Montevideo Medio;600,8422525; ; 
1024;3;1;1;1024030101;11;0;0;5;2; ; ;2; ;0; ; ; ; ; ; ; ; ; ;57;A-;Montevideo Medio;600,8422525; ; 
1024;4;1;1;1024040101;51;2;0; ; ; ; ; ; ; ; ; ; ; ; ; ;195;15;3;57;A-;Montevideo Medio;600,8422525;121142;120039
1024;4;1;2;1024040102;51;0;1; ; ; ; ; ; ; ; ; ; ; ; ; ;183;5;3;57;A-;Montevideo Medio;600,8422525;120039;123003
1024;4;2;1;1024040201;51;1;1; ; ; ; ; ; ; ; ; ; ; ; ; ;181;10;3;57;A-;Montevideo Medio;600,8422525;123003;121039
1024;4;2;2;1024040202;51;1;1; ; ; ; ; ; ; ; ; ; ; ; ; ;195;20;3;57;A-;Montevideo Medio;600,8422525;121039;121142
1025;1;1;1;1025010101;51;4;0; ; ; ; ; ; ; ; ; ; ; ; ; ;124;10;1;23;B+;Montevideo Bajo;587,0601537;113152;106201
1025;1;1;2;1025010102;2; ; ; ; ; ; ; ; ; ;9;3; ; ; ; ; ; ; ;23;B+;Montevideo Bajo;587,0601537; ; 
1025;1;2;1;1025010201;2; ; ; ; ; ; ; ; ; ;8;3; ; ; ; ; ; ; ;23;B+;Montevideo Bajo;587,0601537; ; 
1025;1;2;2;1025010202;51;0;4; ; ; ; ; ; ; ; ; ; ; ; ; ;124;20;1;23;B+;Montevideo Bajo;587,0601537;106103;113152
1025;2;1;1;1025020101;2; ; ; ; ; ; ; ; ; ;6;7; ; ; ; ; ; ; ;23;B+;Montevideo Bajo;587,0601537; ; 
1025;2;2;1;1025020201;2; ; ; ; ; ; ; ; ; ;6;7; ; ; ; ; ; ; ;23;B+;Montevideo Bajo;587,0601537; ; 
1025;2;3;1;1025020301;51;3;0; ; ; ; ; ; ; ; ; ; ; ; ; ;306;20;1;23;B+;Montevideo Bajo;587,0601537;113012;120040
1025;2;3;2;1025020302;2; ; ; ; ; ; ; ; ; ;7;2; ; ; ; ; ; ; ;23;B+;Montevideo Bajo;587,0601537; ; 
1025;2;4;1;1025020401;2; ; ; ; ; ; ; ; ; ;7;3; ; ; ; ; ; ; ;23;B+;Montevideo Bajo;587,0601537; ; 
1025;2;4;2;1025020402;51;0;3; ; ; ; ; ; ; ; ; ; ; ; ; ;306;30;1;23;B+;Montevideo Bajo;587,0601537;120040;113014
1025;2;5;1;1025020501;2; ; ; ; ; ; ; ; ; ;3; ; ; ; ; ; ; ; ;23;B+;Montevideo Bajo;587,0601537; ; 
1025;3;1;1;1025030101;2; ; ; ; ; ; ; ; ; ;6;3; ; ; ; ; ; ; ;23;B+;Montevideo Bajo;587,0601537; ; 
1025;3;2;1;1025030201;2; ; ; ; ; ; ; ; ; ;6;3; ; ; ; ; ; ; ;23;B+;Montevideo Bajo;587,0601537; ; 
1025;4;1;1;1025040101;2; ; ; ; ; ; ; ; ; ;10;3; ; ; ; ; ; ; ;23;B+;Montevideo Bajo;587,0601537; ; 
1025;4;2;1;1025040201;2; ; ; ; ; ; ; ; ; ;10;3; ; ; ; ; ; ; ;23;B+;Montevideo Bajo;587,0601537; ; 
1026;1;1;1;1026010101;2; ; ; ; ; ; ; ; ; ;2; ; ; ; ; ; ; ; ;41;M;Montevideo Medio;533,3092158; ; 
1026;1;2;1;1026010201;2; ; ; ; ; ; ; ; ; ;2; ; ; ; ; ; ; ; ;41;M;Montevideo Medio;533,3092158; ; 
1028;1;1;1;1028010101;11;0;0;2;2; ; ;1;75;0; ; ; ; ; ; ; ; ; ;43;M;Montevideo Bajo;538,1559885; ; 
1028;1;2;1;1028010201;11;0;0;2;2; ; ;2; ;0; ; ; ; ; ; ; ; ; ;43;M;Montevideo Bajo;538,1559885; ; 
1028;1;3;1;1028010301;11;0;0;5;2; ; ;2; ;1; ; ; ; ; ; ; ; ; ;43;M;Montevideo Bajo;538,1559885; ; 
1028;2;1;1;1028020101;51;2;0; ; ; ; ; ; ; ; ; ; ; ; ; ;306;10;3;43;M;Montevideo Bajo;538,1559885;113012;113030
1028;2;1;2;1028020102;51;0;0; ; ; ; ; ; ; ; ; ; ; ; ; ;D2;5;5;43;M;Montevideo Bajo;538,1559885;113030;101104
1028;2;1;3;1028020103;51;0;0; ; ; ; ; ; ; ; ; ; ; ; ; ;143;5;4;43;M;Montevideo Bajo;538,1559885;101104;106204
1028;2;2;1;1028020201;51;3;0; ; ; ; ; ; ; ; ; ; ; ; ; ;124;20;3;43;M;Montevideo Bajo;538,1559885;106103;113030
1028;2;2;2;1028020202;51;0;2; ; ; ; ; ; ; ; ; ; ; ; ; ;185;20;3;43;M;Montevideo Bajo;538,1559885;113030;113012
1028;3;1;1;1028030101;51;2;0; ; ; ; ; ; ; ; ; ; ; ; ; ;185;10;8;43;M;Montevideo Bajo;538,1559885;113012;113030
1028;3;1;2;1028030102;51;0;0; ; ; ; ; ; ; ; ; ; ; ; ; ;124;5;8;43;M;Montevideo Bajo;538,1559885;113030;114024
1028;3;1;3;1028030103;51;0;0; ; ; ; ; ; ; ; ; ; ; ; ; ;582;5;8;43;M;Montevideo Bajo;538,1559885;114024;118208
1028;3;2;1;1028030201;51;0;0; ; ; ; ; ; ; ; ; ; ; ; ; ;582;10;8;43;M;Montevideo Bajo;538,1559885;118208;114024
1028;3;2;2;1028030202;51;0;0; ; ; ; ; ; ; ; ; ; ; ; ; ;125;15;8;43;M;Montevideo Bajo;538,1559885;114024;113030
1028;3;2;3;1028030203;51;0;2; ; ; ; ; ; ; ; ; ; ; ; ; ;185;15;8;43;M;Montevideo Bajo;538,1559885;113030;113012
1028;4;1;1;1028040101;51;2;0; ; ; ; ; ; ; ; ; ; ; ; ; ;185;10;10;43;M;Montevideo Bajo;538,1559885;113012;112112
1028;4;1;2;1028040102;51;0;1; ; ; ; ; ; ; ; ; ; ; ; ; ;526;10;10;43;M;Montevideo Bajo;538,1559885;112112;112031
1028;4;2;1;1028040201;51;2;0; ; ; ; ; ; ; ; ; ; ; ; ; ;526;10;10;43;M;Montevideo Bajo;538,1559885;112031;112112
1028;4;2;2;1028040202;51;0;0; ; ; ; ; ; ; ; ; ; ; ; ; ;185;30;10;43;M;Montevideo Bajo;538,1559885;112112;113012
1029;1;1;1;1029010101;51;3;0; ; ; ; ; ; ; ; ; ; ; ; ; ;124;20;3;19;B-;Montevideo Bajo;467,8040856;113152;113030
1029;1;1;2;1029010102;51;0;0; ; ; ; ; ; ; ; ; ; ; ; ; ;370;10;3;19;B-;Montevideo Bajo;467,8040856;113030;123003
1029;1;1;3;1029010103;2; ; ; ; ; ; ; ; ; ;9;2; ; ; ; ; ; ; ;19;B-;Montevideo Bajo;467,8040856; ; 
1029;1;2;1;1029010201;2; ; ; ; ; ; ; ; ; ;9;2; ; ; ; ; ; ; ;19;B-;Montevideo Bajo;467,8040856; ; 
1029;1;2;2;1029010202;51;0;3; ; ; ; ; ; ; ; ; ; ; ; ; ;370;10;3;19;B-;Montevideo Bajo;467,8040856;123003;108006
1029;1;3;1;1029010301;51;3;2; ; ; ; ; ; ; ; ; ; ; ; ; ;124;20;1;19;B-;Montevideo Bajo;467,8040856;108006;113152
1029;1;4;1;1029010401;2; ; ; ; ; ; ; ; ; ;4; ; ; ; ; ; ; ; ;19;B-;Montevideo Bajo;467,8040856; ; 
1029;1;5;1;1029010501;2; ; ; ; ; ; ; ; ; ;4; ; ; ; ; ; ; ; ;19;B-;Montevideo Bajo;467,8040856; ; 
1029;2;1;1;1029020101;2; ; ; ; ; ; ; ; ; ;7;5; ; ; ; ; ; ; ;19;B-;Montevideo Bajo;467,8040856; ; 
1029;2;2;1;1029020201;12;0;0;2;2; ; ;2; ;3; ; ; ; ; ; ; ; ; ;19;B-;Montevideo Bajo;467,8040856; ; 
1030;1;1;1;1030010101;2; ; ; ; ; ; ; ; ; ;10;3; ; ; ; ; ; ; ;32;M-;Montevideo Bajo;389,5893968; ; 
1030;1;2;1;1030010201;2; ; ; ; ; ; ; ; ; ;6;3; ; ; ; ; ; ; ;32;M-;Montevideo Bajo;389,5893968; ; 
1030;1;3;1;1030010301;2; ; ; ; ; ; ; ; ; ;3; ; ; ; ; ; ; ; ;32;M-;Montevideo Bajo;389,5893968; ; 
1030;1;4;1;1030010401;2; ; ; ; ; ; ; ; ; ;3; ; ; ; ; ; ; ; ;32;M-;Montevideo Bajo;389,5893968; ; 
1030;1;5;1;1030010501;2; ; ; ; ; ; ; ; ; ;4; ; ; ; ; ; ; ; ;32;M-;Montevideo Bajo;389,5893968; ; 
1030;1;6;1;1030010601;2; ; ; ; ; ; ; ; ; ;4; ; ; ; ; ; ; ; ;32;M-;Montevideo Bajo;389,5893968; ; 
1030;1;7;1;1030010701;2; ; ; ; ; ; ; ; ; ;4; ; ; ; ; ; ; ; ;32;M-;Montevideo Bajo;389,5893968; ; 
1031;1;1;1;1031010101;51;3;0; ; ; ; ; ; ; ; ; ; ; ; ; ;163;15;3;32;M-;Zona III - Cuenca Cerro Norte Bajo;199,8257884;113236;116045
1031;1;1;2;1031010102;51;0;0; ; ; ; ; ; ; ; ; ; ; ; ; ;427;3;3;32;M-;Zona III - Cuenca Cerro Norte Bajo;199,8257884;116045;113038
1031;1;1;3;1031010103;2; ; ; ; ; ; ; ; ; ;6;3; ; ; ; ; ; ; ;32;M-;Zona III - Cuenca Cerro Norte Bajo;199,8257884; ; 
1031;1;2;1;1031010201;2; ; ; ; ; ; ; ; ; ;6;3; ; ; ; ; ; ; ;32;M-;Zona III - Cuenca Cerro Norte Bajo;199,8257884; ; 
1031;1;2;2;1031010202;51;0;0; ; ; ; ; ; ; ; ; ; ; ; ; ;427;20;3;32;M-;Zona III - Cuenca Cerro Norte Bajo;199,8257884;116009;120034
1031;1;2;3;1031010203;51;0;4; ; ; ; ; ; ; ; ; ; ; ; ; ;137;15;3;32;M-;Zona III - Cuenca Cerro Norte Bajo;199,8257884;120034;107106
1031;1;3;1;1031010301;51;4;0; ; ; ; ; ; ; ; ; ; ; ; ; ;137;10;1;32;M-;Zona III - Cuenca Cerro Norte Bajo;199,8257884;107106;113236
1031;1;3;2;1031010302;2; ; ; ; ; ; ; ; ; ;5;3; ; ; ; ; ; ; ;32;M-;Zona III - Cuenca Cerro Norte Bajo;199,8257884; ; 
1032;1;1;1;1032010101;2; ; ; ; ; ; ; ; ; ;5;5; ; ; ; ; ; ; ;23;B+;Montevideo Bajo;627,1948052; ; 
1032;1;1;2;1032010102;51;0;3; ; ; ; ; ; ; ; ; ; ; ; ; ;126;5;1;23;B+;Montevideo Bajo;627,1948052;113012;105101
1032;1;2;1;1032010201;51;2;0; ; ; ; ; ; ; ; ; ; ; ; ; ;D2;15;5;23;B+;Montevideo Bajo;627,1948052;105101;113030
1032;1;2;2;1032010202;51;0;3; ; ; ; ; ; ; ; ; ; ; ; ; ;185;10;15;23;B+;Montevideo Bajo;627,1948052;113030;113010
1032;2;1;1;1032020101;51;4;1; ; ; ; ; ; ; ; ; ; ; ; ; ;185;20;3;23;B+;Montevideo Bajo;627,1948052;113010;120034
1032;2;1;2;1032020102;51;0;1; ; ; ; ; ; ; ; ; ; ; ; ; ;546;5;3;23;B+;Montevideo Bajo;627,1948052;120034;119102
1032;2;2;1;1032020201;51;1;0; ; ; ; ; ; ; ; ; ; ; ; ; ;546;5;3;23;B+;Montevideo Bajo;627,1948052;112034;120034
1032;2;2;2;1032020202;51;0;4; ; ; ; ; ; ; ; ; ; ; ; ; ;185;20;3;23;B+;Montevideo Bajo;627,1948052;120034;113010
1032;5;1;1;1032050101;51;4;0; ; ; ; ; ; ; ; ; ; ; ; ; ;306;20;1;23;B+;Montevideo Bajo;627,1948052;113010;113030
1032;5;1;2;1032050102;51;0;1; ; ; ; ; ; ; ; ; ; ; ; ; ;124;10;1;23;B+;Montevideo Bajo;627,1948052;113030;102202
1032;5;2;1;1032050201;51;0;0; ; ; ; ; ; ; ; ; ; ; ; ; ;124;15;1;23;B+;Montevideo Bajo;627,1948052;102202;113030
1032;5;2;2;1032050202;51;0;2; ; ; ; ; ; ; ; ; ; ; ; ; ;306;20;1;23;B+;Montevideo Bajo;627,1948052;113030;113010
1032;6;1;1;1032060101;51;4;1; ; ; ; ; ; ; ; ; ; ; ; ; ;185;10;15;23;B+;Montevideo Bajo;627,1948052;113010;113026
1032;6;2;1;1032060201;51;1;4; ; ; ; ; ; ; ; ; ; ; ; ; ;306;5;15;23;B+;Montevideo Bajo;627,1948052;113026;113010
1032;7;1;1;1032070101;2; ; ; ; ; ; ; ; ; ;8;3; ; ; ; ; ; ; ;23;B+;Montevideo Bajo;627,1948052; ; 
1032;7;2;1;1032070201;2; ; ; ; ; ; ; ; ; ;8;3; ; ; ; ; ; ; ;23;B+;Montevideo Bajo;627,1948052; ; 
1032;8;1;1;1032080101;14;0;0;5;2; ; ;2; ;1; ; ; ; ; ; ; ; ; ;23;B+;Montevideo Bajo;627,1948052; ; 
1032;8;2;1;1032080201;12;0;0;5;2; ; ;2; ;1; ; ; ; ; ; ; ; ; ;23;B+;Montevideo Bajo;627,1948052; ; 
1033;1;1;1;1033010101;2; ; ; ; ; ; ; ; ; ;1; ; ; ; ; ; ; ; ;49;M+;Montevideo Medio;484,8265598; ; 
1033;1;2;1;1033010201;2; ; ; ; ; ; ; ; ; ;1; ; ; ; ; ; ; ; ;49;M+;Montevideo Medio;484,8265598; ; 
1033;1;3;1;1033010301;2; ; ; ; ; ; ; ; ; ;2; ; ; ; ; ; ; ; ;49;M+;Montevideo Medio;484,8265598; ; 
1033;1;4;1;1033010401;2; ; ; ; ; ; ; ; ; ;2; ; ; ; ; ; ; ; ;49;M+;Montevideo Medio;484,8265598; ; 
1035;1;1;1;1035010101;51;2;4; ; ; ; ; ; ; ; ; ; ; ; ; ;524;15;1;29;B+;Zona III - Cuenca Cerro Norte NoBajo;119,7925354;116016;106101
1035;1;2;1;1035010201;51;4;2; ; ; ; ; ; ; ; ; ; ; ; ; ;524;25;1;29;B+;Zona III - Cuenca Cerro Norte NoBajo;119,7925354;106103;116016
1035;2;1;1;1035020101;51;2;4; ; ; ; ; ; ; ; ; ; ; ; ; ;524;15;1;29;B+;Zona III - Cuenca Cerro Norte NoBajo;119,7925354;116016;106101
1035;2;2;1;1035020201;2; ; ; ; ; ; ; ; ; ;7;1; ; ; ; ; ; ; ;29;B+;Zona III - Cuenca Cerro Norte NoBajo;119,7925354; ; 
1035;2;3;1;1035020301;2; ; ; ; ; ; ; ; ; ;7;1; ; ; ; ; ; ; ;29;B+;Zona III - Cuenca Cerro Norte NoBajo;119,7925354; ; 
1035;2;4;1;1035020401;2; ; ; ; ; ; ; ; ; ;7;1; ; ; ; ; ; ; ;29;B+;Zona III - Cuenca Cerro Norte NoBajo;119,7925354; ; 
1035;2;5;1;1035020501;2; ; ; ; ; ; ; ; ; ;7;1; ; ; ; ; ; ; ;29;B+;Zona III - Cuenca Cerro Norte NoBajo;119,7925354; ; 
1035;2;6;1;1035020601;51;4;2; ; ; ; ; ; ; ; ; ; ; ; ; ;524;25;1;29;B+;Zona III - Cuenca Cerro Norte NoBajo;119,7925354;106103;116016
1035;3;1;1;1035030101;51;2;0; ; ; ; ; ; ; ; ; ; ; ; ; ;524;15;10;29;B+;Zona III - Cuenca Cerro Norte NoBajo;119,7925354;116016;114006
1035;3;1;2;1035030102;2; ; ; ; ; ; ; ; ; ;5;4; ; ; ; ; ; ; ;29;B+;Zona III - Cuenca Cerro Norte NoBajo;119,7925354; ; 
1035;3;2;1;1035030201;2; ; ; ; ; ; ; ; ; ;5;4; ; ; ; ; ; ; ;29;B+;Zona III - Cuenca Cerro Norte NoBajo;119,7925354; ; 
1035;3;2;2;1035030202;51;0;1; ; ; ; ; ; ; ; ; ; ; ; ; ;427;20;10;29;B+;Zona III - Cuenca Cerro Norte NoBajo;119,7925354;114006;104203
1035;3;3;1;1035030301;51;4;2; ; ; ; ; ; ; ; ; ; ; ; ; ;524;25;10;29;B+;Zona III - Cuenca Cerro Norte NoBajo;119,7925354;106103;116016
1035;4;1;1;1035040101;51;2;4; ; ; ; ; ; ; ; ; ; ; ; ; ;524;15;10;29;B+;Zona III - Cuenca Cerro Norte NoBajo;119,7925354;116016;106101
1035;4;2;1;1035040201;2; ; ; ; ; ; ; ; ; ;7;9; ; ; ; ; ; ; ;29;B+;Zona III - Cuenca Cerro Norte NoBajo;119,7925354; ; 
1035;4;3;1;1035040301;2; ; ; ; ; ; ; ; ; ;7;9; ; ; ; ; ; ; ;29;B+;Zona III - Cuenca Cerro Norte NoBajo;119,7925354; ; 
1035;4;4;1;1035040401;51;4;2; ; ; ; ; ; ; ; ; ; ; ; ; ;524;25;10;29;B+;Zona III - Cuenca Cerro Norte NoBajo;119,7925354;106103;116016
1036;2;1;1;1036020101;13;0;0;2;2; ; ;2; ;1; ; ; ; ; ; ; ; ; ;11;B-;Zona III - Cuenca Cerro Norte Bajo;136,8806657; ; 
1036;2;2;1;1036020201;13;0;0;5;2; ; ;2; ;1; ; ; ; ; ; ; ; ; ;11;B-;Zona III - Cuenca Cerro Norte Bajo;136,8806657; ; 
1036;3;1;1;1036030101;2; ; ; ; ; ; ; ; ; ;6;9; ; ; ; ; ; ; ;11;B-;Zona III - Cuenca Cerro Norte Bajo;136,8806657; ; 
1036;3;1;2;1036030102;51;0;0; ; ; ; ; ; ; ; ; ; ; ; ; ;127;20;3;11;B-;Zona III - Cuenca Cerro Norte Bajo;136,8806657;120023;114112
1036;3;1;3;1036030103;51;0;0; ; ; ; ; ; ; ; ; ; ; ; ; ;522;10;3;11;B-;Zona III - Cuenca Cerro Norte Bajo;136,8806657;114112;118111
1036;3;2;1;1036030201;51;1;0; ; ; ; ; ; ; ; ; ; ; ; ; ;522;10;3;11;B-;Zona III - Cuenca Cerro Norte Bajo;136,8806657;118111;114112
1036;3;2;2;1036030202;51;0;0; ; ; ; ; ; ; ; ; ; ; ; ; ;127;20;3;11;B-;Zona III - Cuenca Cerro Norte Bajo;136,8806657;114112;120023
1037;1;1;1;1037010101;2; ; ; ; ; ; ; ; ; ;20;2; ; ; ; ; ; ; ;32;M-;Zona II - Cuenca Noreste      NoBajo;91,42437081; ; 
1037;1;2;1;1037010201;2; ; ; ; ; ; ; ; ; ;20;2; ; ; ; ; ; ; ;32;M-;Zona II - Cuenca Noreste      NoBajo;91,42437081; ; 
1038;5;1;1;1038050101;51;2;2; ; ; ; ; ; ; ; ; ; ; ; ; ;163;10;15;15;B-;Zona III - Cuenca Cerro Norte NoBajo;92,50383022;113037;113027
1038;5;2;1;1038050201;51;2;2; ; ; ; ; ; ; ; ; ; ; ; ; ;163;10;15;15;B-;Zona III - Cuenca Cerro Norte NoBajo;92,50383022;113027;113037
1039;1;1;1;1039010101;51;1;1; ; ; ; ; ; ; ; ; ; ; ; ; ;145;5;1;56;A-;Montevideo Medio Alto;558,7278729;121016;121115
1039;1;2;1;1039010201;51;1;1; ; ; ; ; ; ; ; ; ; ; ; ; ;145;5;1;56;A-;Montevideo Medio Alto;558,7278729;121115;121016
1039;2;1;1;1039020101;2; ; ; ; ; ; ; ; ; ;5;6; ; ; ; ; ; ; ;56;A-;Montevideo Medio Alto;558,7278729; ; 
1039;2;2;1;1039020201;2; ; ; ; ; ; ; ; ; ;5;8; ; ; ; ; ; ; ;56;A-;Montevideo Medio Alto;558,7278729; ; 
1040;1;1;1;1040010101;51;0;3; ; ; ; ; ; ; ; ; ; ; ; ; ;505;10;12;10;B-;Zona II - Cuenca Noreste      NoBajo;129,1773333;111092;115104
1040;1;2;1;1040010201;51;2;1; ; ; ; ; ; ; ; ; ; ; ; ; ;505;0;12;10;B-;Zona II - Cuenca Noreste      NoBajo;129,1773333;115104;111092
1040;3;1;1;1040030101;51;1;0; ; ; ; ; ; ; ; ; ; ; ; ; ;505;10;1;10;B-;Zona II - Cuenca Noreste      NoBajo;129,1773333;111092;117001
1040;3;2;1;1040030201;51;0;1; ; ; ; ; ; ; ; ; ; ; ; ; ;505;15;1;10;B-;Zona II - Cuenca Noreste      NoBajo;129,1773333;117204;111092
1043;1;1;1;1043010101;51;0;1; ; ; ; ; ; ; ; ; ; ; ; ; ;145;10;4;48;M+;Montevideo Medio;697,2748995;121130;110012
1043;1;1;2;1043010102;51;1;3; ; ; ; ; ; ; ; ; ; ; ; ; ;110;5;4;48;M+;Montevideo Medio;697,2748995;110012;123205
1043;1;2;1;1043010201;51;3;2; ; ; ; ; ; ; ; ; ; ; ; ; ;113;5;4;48;M+;Montevideo Medio;697,2748995;123205;107204
1043;1;3;1;1043010301;51;3;2; ; ; ; ; ; ; ; ; ; ; ; ; ;151;10;4;48;M+;Montevideo Medio;697,2748995;107303;121130
1043;1;4;1;1043010401;2; ; ; ; ; ; ; ; ; ;6;1; ; ; ; ; ; ; ;48;M+;Montevideo Medio;697,2748995; ; 
1043;2;1;1;1043020101;51;0;1; ; ; ; ; ; ; ; ; ; ; ; ; ;145;10;3;48;M+;Montevideo Medio;697,2748995;121130;110012
1043;2;1;2;1043020102;51;1;3; ; ; ; ; ; ; ; ; ; ; ; ; ;110;5;3;48;M+;Montevideo Medio;697,2748995;110012;123205
1043;2;2;1;1043020201;51;0;2; ; ; ; ; ; ; ; ; ; ; ; ; ;113;5;3;48;M+;Montevideo Medio;697,2748995;123205;107204
1043;2;3;1;1043020301;51;3;0; ; ; ; ; ; ; ; ; ; ; ; ; ;582;5;3;48;M+;Montevideo Medio;697,2748995;107303;121130
1043;2;3;2;1043020302;2; ; ; ; ; ; ; ; ; ;5;4; ; ; ; ; ; ; ;48;M+;Montevideo Medio;697,2748995; ; 
1044;2;1;1;1044020101;2; ; ; ; ; ; ; ; ; ;5;7; ; ; ; ; ; ; ;30;M-;Montevideo Bajo;438,6951891; ; 
1044;2;2;1;1044020201;2; ; ; ; ; ; ; ; ; ;5;7; ; ; ; ; ; ; ;30;M-;Montevideo Bajo;438,6951891; ; 
1044;2;3;1;1044020301;2; ; ; ; ; ; ; ; ; ;5;7; ; ; ; ; ; ; ;30;M-;Montevideo Bajo;438,6951891; ; 
1044;2;4;1;1044020401;2; ; ; ; ; ; ; ; ; ;5;7; ; ; ; ; ; ; ;30;M-;Montevideo Bajo;438,6951891; ; 
1044;3;1;1;1044030101;2; ; ; ; ; ; ; ; ; ;4; ; ; ; ; ; ; ; ;30;M-;Montevideo Bajo;438,6951891; ; 
1044;3;2;1;1044030201;2; ; ; ; ; ; ; ; ; ;4; ; ; ; ; ; ; ; ;30;M-;Montevideo Bajo;438,6951891; ; 
1044;3;3;1;1044030301;2; ; ; ; ; ; ; ; ; ;6;3; ; ; ; ; ; ; ;30;M-;Montevideo Bajo;438,6951891; ; 
1044;3;4;1;1044030401;2; ; ; ; ; ; ; ; ; ;6;3; ; ; ; ; ; ; ;30;M-;Montevideo Bajo;438,6951891; ; 
1044;3;5;1;1044030501;2; ; ; ; ; ; ; ; ; ;4; ; ; ; ; ; ; ; ;30;M-;Montevideo Bajo;438,6951891; ; 
1044;3;6;1;1044030601;2; ; ; ; ; ; ; ; ; ;4; ; ; ; ; ; ; ; ;30;M-;Montevideo Bajo;438,6951891; ; 
1044;4;1;1;1044040101;2; ; ; ; ; ; ; ; ; ;4; ; ; ; ; ; ; ; ;30;M-;Montevideo Bajo;438,6951891; ; 
1044;4;2;1;1044040201;2; ; ; ; ; ; ; ; ; ;4; ; ; ; ; ; ; ; ;30;M-;Montevideo Bajo;438,6951891; ; 
1045;1;1;1;1045010101;2; ; ; ; ; ; ; ; ; ;1; ; ; ; ; ; ; ; ;62;A+;Montevideo Medio Alto;522,2473522; ; 
1045;1;2;1;1045010201;2; ; ; ; ; ; ; ; ; ;1; ; ; ; ; ; ; ; ;62;A+;Montevideo Medio Alto;522,2473522; ; 
1046;2;1;1;1046020101;51;4;1; ; ; ; ; ; ; ; ; ; ; ; ; ;137;5;1;53;A-;Zona III - Cuenca Cerro Norte Bajo;191,2008522;113236;101104
1046;2;2;1;1046020201;51;1;3; ; ; ; ; ; ; ; ; ; ; ; ; ;137;10;1;53;A-;Zona III - Cuenca Cerro Norte Bajo;191,2008522;101104;113236
1048;1;1;1;1048010101;51;1;0; ; ; ; ; ; ; ; ; ; ; ; ; ;151;10;12;47;M+;Montevideo Medio Bajo;603,6410271;121229;121130
1048;1;1;2;1048010102;51;0;0; ; ; ; ; ; ; ; ; ; ; ; ; ;2;10;12;47;M+;Montevideo Medio Bajo;603,6410271;121130;110113
1048;1;2;1;1048010201;51;0;1; ; ; ; ; ; ; ; ; ; ; ; ; ;2;15;12;47;M+;Montevideo Medio Bajo;603,6410271;110113;121130
1048;1;2;2;1048010202;51;0;1; ; ; ; ; ; ; ; ; ; ; ; ; ;151;10;12;47;M+;Montevideo Medio Bajo;603,6410271;121130;121129
1050;2;1;1;1050020101;3; ; ; ; ; ; ; ; ; ; ; ;6; ; ; ; ; ; ;21;B-;Zona III - Cuenca Cerro Norte Bajo;164,3610816; ; 
1050;2;2;1;1050020201;3; ; ; ; ; ; ; ; ; ; ; ;1; ; ; ; ; ; ;21;B-;Zona III - Cuenca Cerro Norte Bajo;164,3610816; ; 
1050;3;1;1;1050030101;2; ; ; ; ; ; ; ; ; ;12;8; ; ; ; ; ; ; ;21;B-;Zona III - Cuenca Cerro Norte Bajo;164,3610816; ; 
1050;3;2;1;1050030201;2; ; ; ; ; ; ; ; ; ;12;8; ; ; ; ; ; ; ;21;B-;Zona III - Cuenca Cerro Norte Bajo;164,3610816; ; 
1052;1;1;1;1052010101;11;0;0;4;2; ; ;2; ;0; ; ; ; ; ; ; ; ; ;49;M+;Ciudad de la Costa, Paso Carrasco, Salinas Grandes y Otras;337,2987977; ; 
1052;1;2;1;1052010201;11;0;0;4;2; ; ;2; ;0; ; ; ; ; ; ; ; ; ;49;M+;Ciudad de la Costa, Paso Carrasco, Salinas Grandes y Otras;337,2987977; ; 
1052;1;3;1;1052010301;11;0;0;5;2; ; ;2; ;0; ; ; ; ; ; ; ; ; ;49;M+;Ciudad de la Costa, Paso Carrasco, Salinas Grandes y Otras;337,2987977; ; 
1052;1;4;1;1052010401;11;0;0;4;2; ; ;2; ;1; ; ; ; ; ; ; ; ; ;49;M+;Ciudad de la Costa, Paso Carrasco, Salinas Grandes y Otras;337,2987977; ; 
1052;1;5;1;1052010501;11;0;0;5;2; ; ;2; ;1; ; ; ; ; ; ; ; ; ;49;M+;Ciudad de la Costa, Paso Carrasco, Salinas Grandes y Otras;337,2987977; ; 
1052;2;1;1;1052020101;12;0;0;4;2; ; ;2; ;1; ; ; ; ; ; ; ; ; ;49;M+;Ciudad de la Costa, Paso Carrasco, Salinas Grandes y Otras;337,2987977; ; 
1052;2;2;1;1052020201;12;0;0;5;2; ; ;2; ;1; ; ; ; ; ; ; ; ; ;49;M+;Ciudad de la Costa, Paso Carrasco, Salinas Grandes y Otras;337,2987977; ; 
1053;1;1;1;1053010101;11;0;0;4;2; ; ;2; ;1; ; ; ; ; ; ; ; ; ;47;M+;Ciudad de la Costa, Paso Carrasco, Salinas Grandes y Otras;361,3165711; ; 
1053;1;2;1;1053010201;11;0;0;5;2; ; ;2; ;1; ; ; ; ; ; ; ; ; ;47;M+;Ciudad de la Costa, Paso Carrasco, Salinas Grandes y Otras;361,3165711; ; 
1053;2;1;1;1053020101;12;0;0;4;2; ; ;2; ;1; ; ; ; ; ; ; ; ; ;47;M+;Ciudad de la Costa, Paso Carrasco, Salinas Grandes y Otras;361,3165711; ; 
1053;2;2;1;1053020201;12;0;0;5;2; ; ;2; ;1; ; ; ; ; ; ; ; ; ;47;M+;Ciudad de la Costa, Paso Carrasco, Salinas Grandes y Otras;361,3165711; ; 
1053;3;1;1;1053030101;11;0;0;4;2; ; ;2; ;0; ; ; ; ; ; ; ; ; ;47;M+;Ciudad de la Costa, Paso Carrasco, Salinas Grandes y Otras;361,3165711; ; 
1053;3;2;1;1053030201;11;0;0;5;2; ; ;2; ;0; ; ; ; ; ; ; ; ; ;47;M+;Ciudad de la Costa, Paso Carrasco, Salinas Grandes y Otras;361,3165711; ; 
1053;3;3;1;1053030301;8; ; ; ; ; ; ; ; ; ; ; ; ; ; ; ; ; ; ;47;M+;Ciudad de la Costa, Paso Carrasco, Salinas Grandes y Otras;361,3165711; ; 
1053;3;4;1;1053030401;8; ; ; ; ; ; ; ; ; ; ; ; ; ; ; ; ; ; ;47;M+;Ciudad de la Costa, Paso Carrasco, Salinas Grandes y Otras;361,3165711; ; 
1053;3;5;1;1053030501;11;0;0;5;2; ; ;2; ;0; ; ; ; ; ; ; ; ; ;47;M+;Ciudad de la Costa, Paso Carrasco, Salinas Grandes y Otras;361,3165711; ; 
1054;1;1;1;1054010101;51;2;0; ; ; ; ; ; ; ; ; ; ; ; ; ;221;10;18;49;M+;Ciudad de la Costa, Paso Carrasco, Salinas Grandes y Otras;337,2987977;337125;337425
1054;1;2;1;1054010201;2; ; ; ; ; ; ; ; ; ;10;6; ; ; ; ; ; ; ;49;M+;Ciudad de la Costa, Paso Carrasco, Salinas Grandes y Otras;337,2987977; ; 
1055;1;1;1;1055010101;11;0;0;2;2; ; ;2; ;0; ; ; ; ; ; ; ; ; ;46;M+;Ciudad de la Costa, Paso Carrasco, Salinas Grandes y Otras;498,0819909; ; 
1055;1;2;1;1055010201;11;0;0;5;2; ; ;2; ;0; ; ; ; ; ; ; ; ; ;46;M+;Ciudad de la Costa, Paso Carrasco, Salinas Grandes y Otras;498,0819909; ; 
1055;1;3;1;1055010301;11;0;0;2;2; ; ;2; ;0; ; ; ; ; ; ; ; ; ;46;M+;Ciudad de la Costa, Paso Carrasco, Salinas Grandes y Otras;498,0819909; ; 
1055;1;4;1;1055010401;11;0;0;2;2; ; ;2; ;1; ; ; ; ; ; ; ; ; ;46;M+;Ciudad de la Costa, Paso Carrasco, Salinas Grandes y Otras;498,0819909; ; 
1055;1;5;1;1055010501;11;0;0;2;2; ; ;2; ;1; ; ; ; ; ; ; ; ; ;46;M+;Ciudad de la Costa, Paso Carrasco, Salinas Grandes y Otras;498,0819909; ; 
1055;1;6;1;1055010601;11;0;0;5;2; ; ;2; ;1; ; ; ; ; ; ; ; ; ;46;M+;Ciudad de la Costa, Paso Carrasco, Salinas Grandes y Otras;498,0819909; ; 
1055;2;1;1;1055020101;11;0;0;6;2; ; ;2; ;2; ; ; ; ; ; ; ; ; ;46;M+;Ciudad de la Costa, Paso Carrasco, Salinas Grandes y Otras;498,0819909; ; 
1055;2;2;1;1055020201;11;0;0;2;2; ; ;2; ;0; ; ; ; ; ; ; ; ; ;46;M+;Ciudad de la Costa, Paso Carrasco, Salinas Grandes y Otras;498,0819909; ; 
1055;2;3;1;1055020301;11;0;0;5;2; ; ;2; ;0; ; ; ; ; ; ; ; ; ;46;M+;Ciudad de la Costa, Paso Carrasco, Salinas Grandes y Otras;498,0819909; ; 
1055;3;1;1;1055030101;3; ; ; ; ; ; ; ; ; ; ; ;4; ; ; ; ; ; ;46;M+;Ciudad de la Costa, Paso Carrasco, Salinas Grandes y Otras;498,0819909; ; 
1055;3;2;1;1055030201;3; ; ; ; ; ; ; ; ; ; ; ;1; ; ; ; ; ; ;46;M+;Ciudad de la Costa, Paso Carrasco, Salinas Grandes y Otras;498,0819909; ; 
1055;3;3;1;1055030301;3; ; ; ; ; ; ; ; ; ; ; ;4; ; ; ; ; ; ;46;M+;Ciudad de la Costa, Paso Carrasco, Salinas Grandes y Otras;498,0819909; ; 
1055;3;4;1;1055030401;3; ; ; ; ; ; ; ; ; ; ; ;1; ; ; ; ; ; ;46;M+;Ciudad de la Costa, Paso Carrasco, Salinas Grandes y Otras;498,0819909; ; 
1055;4;1;1;1055040101;3; ; ; ; ; ; ; ; ; ; ; ;4; ; ; ; ; ; ;46;M+;Ciudad de la Costa, Paso Carrasco, Salinas Grandes y Otras;498,0819909; ; 
1055;4;2;1;1055040201;3; ; ; ; ; ; ; ; ; ; ; ;1; ; ; ; ; ; ;46;M+;Ciudad de la Costa, Paso Carrasco, Salinas Grandes y Otras;498,0819909; ; 
1055;5;1;1;1055050101;12;0;0;6;2; ; ;2; ;1; ; ; ; ; ; ; ; ; ;46;M+;Ciudad de la Costa, Paso Carrasco, Salinas Grandes y Otras;498,0819909; ; 
1055;5;2;1;1055050201;12;0;0;2;2; ; ;2; ;1; ; ; ; ; ; ; ; ; ;46;M+;Ciudad de la Costa, Paso Carrasco, Salinas Grandes y Otras;498,0819909; ; 
1055;5;3;1;1055050301;12;0;0;2;2; ; ;2; ;1; ; ; ; ; ; ; ; ; ;46;M+;Ciudad de la Costa, Paso Carrasco, Salinas Grandes y Otras;498,0819909; ; 
1055;5;4;1;1055050401;12;0;0;5;2; ; ;2; ;1; ; ; ; ; ; ; ; ; ;46;M+;Ciudad de la Costa, Paso Carrasco, Salinas Grandes y Otras;498,0819909; ; 
1056;1;1;1;1056010101;11;0;0;2;2; ; ;2; ;0; ; ; ; ; ; ; ; ; ;53;A-;Ciudad de la Costa, Paso Carrasco, Salinas Grandes y Otras;307,0580075; ; 
1056;1;2;1;1056010201;11;0;0;5;2; ; ;2; ;0; ; ; ; ; ; ; ; ; ;53;A-;Ciudad de la Costa, Paso Carrasco, Salinas Grandes y Otras;307,0580075; ; 
1056;2;1;1;1056020101;11;0;0;2;2; ; ;2; ;0; ; ; ; ; ; ; ; ; ;53;A-;Ciudad de la Costa, Paso Carrasco, Salinas Grandes y Otras;307,0580075; ; 
1056;2;1;2;1056020102;2; ; ; ; ; ; ; ; ; ;10;9; ; ; ; ; ; ; ;53;A-;Ciudad de la Costa, Paso Carrasco, Salinas Grandes y Otras;307,0580075; ; 
1056;2;2;1;1056020201;11;0;2;3;1;1;18;2; ;0; ; ; ; ; ; ; ; ; ;53;A-;Ciudad de la Costa, Paso Carrasco, Salinas Grandes y Otras;307,0580075; ; 
1056;2;3;1;1056020301;11;2;0;5;2; ; ;2; ;0; ; ; ; ; ; ; ; ; ;53;A-;Ciudad de la Costa, Paso Carrasco, Salinas Grandes y Otras;307,0580075; ; 
1058;1;1;1;1058010101;11;0;1;1;2; ; ;2; ;0; ; ; ; ; ; ; ; ; ;53;A-;Ciudad de la Costa, Paso Carrasco, Salinas Grandes y Otras;328,9224484; ; 
1058;1;2;1;1058010201;11;1;0;2;2; ; ;2; ;0; ; ; ; ; ; ; ; ; ;53;A-;Ciudad de la Costa, Paso Carrasco, Salinas Grandes y Otras;328,9224484; ; 
1058;1;3;1;1058010301;11;0;0;5;2; ; ;2; ;0; ; ; ; ; ; ; ; ; ;53;A-;Ciudad de la Costa, Paso Carrasco, Salinas Grandes y Otras;328,9224484; ; 
1058;2;1;1;1058020101;11;0;1;2;2; ; ;2; ;0; ; ; ; ; ; ; ; ; ;53;A-;Ciudad de la Costa, Paso Carrasco, Salinas Grandes y Otras;328,9224484; ; 
1058;2;2;1;1058020201;11;1;0;5;2; ; ;2; ;0; ; ; ; ; ; ; ; ; ;53;A-;Ciudad de la Costa, Paso Carrasco, Salinas Grandes y Otras;328,9224484; ; 
1058;2;3;1;1058020301;11;0;1;2;2; ; ;2; ;0; ; ; ; ; ; ; ; ; ;53;A-;Ciudad de la Costa, Paso Carrasco, Salinas Grandes y Otras;328,9224484; ; 
1058;2;4;1;1058020401;11;1;0;5;2; ; ;2; ;0; ; ; ; ; ; ; ; ; ;53;A-;Ciudad de la Costa, Paso Carrasco, Salinas Grandes y Otras;328,9224484; ; 
1058;3;1;1;1058030101;11;0;0;6;2; ; ;2; ;1; ; ; ; ; ; ; ; ; ;53;A-;Ciudad de la Costa, Paso Carrasco, Salinas Grandes y Otras;328,9224484; ; 
1058;3;2;1;1058030201;11;0;0;5;2; ; ;2; ;1; ; ; ; ; ; ; ; ; ;53;A-;Ciudad de la Costa, Paso Carrasco, Salinas Grandes y Otras;328,9224484; ; 
1061;1;1;1;1061010101;11;0;0;2;2; ; ;2; ;0; ; ; ; ; ; ; ; ; ;41;M;Ciudad de la Costa, Paso Carrasco, Salinas Grandes y Otras;387,9676398; ; 
1061;1;2;1;1061010201;11;0;0;2;2; ; ;2; ;0; ; ; ; ; ; ; ; ; ;41;M;Ciudad de la Costa, Paso Carrasco, Salinas Grandes y Otras;387,9676398; ; 
1061;1;3;1;1061010301;2; ; ; ; ; ; ; ; ; ;4; ; ; ; ; ; ; ; ;41;M;Ciudad de la Costa, Paso Carrasco, Salinas Grandes y Otras;387,9676398; ; 
1061;1;4;1;1061010401;2; ; ; ; ; ; ; ; ; ;4; ; ; ; ; ; ; ; ;41;M;Ciudad de la Costa, Paso Carrasco, Salinas Grandes y Otras;387,9676398; ; 
1061;2;1;1;1061020101;11;0;1;2;2; ; ;2; ;2; ; ; ; ; ; ; ; ; ;41;M;Ciudad de la Costa, Paso Carrasco, Salinas Grandes y Otras;387,9676398; ; 
1061;2;2;1;1061020201;11;1;0;2;2; ; ;2; ;0; ; ; ; ; ; ; ; ; ;41;M;Ciudad de la Costa, Paso Carrasco, Salinas Grandes y Otras;387,9676398; ; 
1061;2;3;1;1061020301;11;0;0;4;2; ; ;2; ;0; ; ; ; ; ; ; ; ; ;41;M;Ciudad de la Costa, Paso Carrasco, Salinas Grandes y Otras;387,9676398; ; 
1061;2;4;1;1061020401;11;1;0;2;2; ; ;2; ;0; ; ; ; ; ; ; ; ; ;41;M;Ciudad de la Costa, Paso Carrasco, Salinas Grandes y Otras;387,9676398; ; 
1061;2;5;1;1061020501;11;0;0;2;2; ; ;2; ;0; ; ; ; ; ; ; ; ; ;41;M;Ciudad de la Costa, Paso Carrasco, Salinas Grandes y Otras;387,9676398; ; 
1061;2;6;1;1061020601;11;0;0;5;2; ; ;2; ;2; ; ; ; ; ; ; ; ; ;41;M;Ciudad de la Costa, Paso Carrasco, Salinas Grandes y Otras;387,9676398; ; 
1061;3;1;1;1061030101;12;0;1;2;2; ; ;2; ;2; ; ; ; ; ; ; ; ; ;41;M;Ciudad de la Costa, Paso Carrasco, Salinas Grandes y Otras;387,9676398; ; 
1061;3;2;1;1061030201;12;0;0;5;2; ; ;2; ;2; ; ; ; ; ; ; ; ; ;41;M;Ciudad de la Costa, Paso Carrasco, Salinas Grandes y Otras;387,9676398; ; 
1061;3;3;1;1061030301;2; ; ; ; ; ; ; ; ; ;4; ; ; ; ; ; ; ; ;41;M;Ciudad de la Costa, Paso Carrasco, Salinas Grandes y Otras;387,9676398; ; 
1061;3;4;1;1061030401;2; ; ; ; ; ; ; ; ; ;4; ; ; ; ; ; ; ; ;41;M;Ciudad de la Costa, Paso Carrasco, Salinas Grandes y Otras;387,9676398; ; 
1061;4;1;1;1061040101;12;0;1;2;2; ; ;2; ;2; ; ; ; ; ; ; ; ; ;41;M;Ciudad de la Costa, Paso Carrasco, Salinas Grandes y Otras;387,9676398; ; 
1061;4;2;1;1061040201;12;0;0;5;2; ; ;2; ;2; ; ; ; ; ; ; ; ; ;41;M;Ciudad de la Costa, Paso Carrasco, Salinas Grandes y Otras;387,9676398; ; 
1061;4;3;1;1061040301;2; ; ; ; ; ; ; ; ; ;4; ; ; ; ; ; ; ; ;41;M;Ciudad de la Costa, Paso Carrasco, Salinas Grandes y Otras;387,9676398; ; 
1061;4;4;1;1061040401;2; ; ; ; ; ; ; ; ; ;4; ; ; ; ; ; ; ; ;41;M;Ciudad de la Costa, Paso Carrasco, Salinas Grandes y Otras;387,9676398; ; 
1063;1;1;1;1063010101;2; ; ; ; ; ; ; ; ; ;4; ; ; ; ; ; ; ; ;59;A-;Ciudad de la Costa, Paso Carrasco, Salinas Grandes y Otras;345,6708132; ; 
1063;1;2;1;1063010201;51;2;0; ; ; ; ; ; ; ; ; ; ; ; ; ;C4;5;18;59;A-;Ciudad de la Costa, Paso Carrasco, Salinas Grandes y Otras;345,6708132;337229;110222
1063;1;2;2;1063010202;51;0;1; ; ; ; ; ; ; ; ; ; ; ; ; ;195;5;1;59;A-;Ciudad de la Costa, Paso Carrasco, Salinas Grandes y Otras;345,6708132;110222;111008
1063;1;3;1;1063010301;12;0;0;6;2; ; ;2; ;1; ; ; ; ; ; ; ; ; ;59;A-;Ciudad de la Costa, Paso Carrasco, Salinas Grandes y Otras;345,6708132; ; 
1063;1;3;2;1063010302;51;0;4; ; ; ; ; ; ; ; ; ; ; ; ; ;708;10;18;59;A-;Ciudad de la Costa, Paso Carrasco, Salinas Grandes y Otras;345,6708132;110222;337229
1063;2;1;1;1063020101;11;0;0;2;2; ; ;2; ;0; ; ; ; ; ; ; ; ; ;59;A-;Ciudad de la Costa, Paso Carrasco, Salinas Grandes y Otras;345,6708132; ; 
1063;2;2;1;1063020201;11;0;0;4;2; ; ;2; ;0; ; ; ; ; ; ; ; ; ;59;A-;Ciudad de la Costa, Paso Carrasco, Salinas Grandes y Otras;345,6708132; ; 
1063;2;3;1;1063020301;11;0;0;2;2; ; ;2; ;0; ; ; ; ; ; ; ; ; ;59;A-;Ciudad de la Costa, Paso Carrasco, Salinas Grandes y Otras;345,6708132; ; 
1063;2;4;1;1063020401;11;0;0;2;2; ; ;2; ;0; ; ; ; ; ; ; ; ; ;59;A-;Ciudad de la Costa, Paso Carrasco, Salinas Grandes y Otras;345,6708132; ; 
1063;2;5;1;1063020501;11;0;0;5;2; ; ;2; ;1; ; ; ; ; ; ; ; ; ;59;A-;Ciudad de la Costa, Paso Carrasco, Salinas Grandes y Otras;345,6708132; ; 
1063;2;6;1;1063020601;2; ; ; ; ; ; ; ; ; ;4; ; ; ; ; ; ; ; ;59;A-;Ciudad de la Costa, Paso Carrasco, Salinas Grandes y Otras;345,6708132; ; 
1063;2;7;1;1063020701;2; ; ; ; ; ; ; ; ; ;4; ; ; ; ; ; ; ; ;59;A-;Ciudad de la Costa, Paso Carrasco, Salinas Grandes y Otras;345,6708132; ; 
1063;2;8;1;1063020801;2; ; ; ; ; ; ; ; ; ;4; ; ; ; ; ; ; ; ;59;A-;Ciudad de la Costa, Paso Carrasco, Salinas Grandes y Otras;345,6708132; ; 
1063;2;9;1;1063020901;2; ; ; ; ; ; ; ; ; ;4; ; ; ; ; ; ; ; ;59;A-;Ciudad de la Costa, Paso Carrasco, Salinas Grandes y Otras;345,6708132; ; 
1063;2;10;1;1063021001;2; ; ; ; ; ; ; ; ; ;2; ; ; ; ; ; ; ; ;59;A-;Ciudad de la Costa, Paso Carrasco, Salinas Grandes y Otras;345,6708132; ; 
1063;2;11;1;1063021101;2; ; ; ; ; ; ; ; ; ;2; ; ; ; ; ; ; ; ;59;A-;Ciudad de la Costa, Paso Carrasco, Salinas Grandes y Otras;345,6708132; ; 
1063;3;1;1;1063030101;2; ; ; ; ; ; ; ; ; ;4; ; ; ; ; ; ; ; ;59;A-;Ciudad de la Costa, Paso Carrasco, Salinas Grandes y Otras;345,6708132; ; 
1063;3;2;1;1063030201;12;0;0;2;2; ; ;2; ;1; ; ; ; ; ; ; ; ; ;59;A-;Ciudad de la Costa, Paso Carrasco, Salinas Grandes y Otras;345,6708132; ; 
1063;3;3;1;1063030301;2; ; ; ; ; ; ; ; ; ;4; ; ; ; ; ; ; ; ;59;A-;Ciudad de la Costa, Paso Carrasco, Salinas Grandes y Otras;345,6708132; ; 
1063;3;4;1;1063030401;2; ; ; ; ; ; ; ; ; ;4; ; ; ; ; ; ; ; ;59;A-;Ciudad de la Costa, Paso Carrasco, Salinas Grandes y Otras;345,6708132; ; 
1064;1;1;1;1064010101;51;2;1; ; ; ; ; ; ; ; ; ; ; ; ; ;L4;10;15;42;M;Ciudad de la Costa, Paso Carrasco, Salinas Grandes y Otras;325,1058992;337126;337030
1064;1;2;1;1064010201;12;0;0;6;2; ; ;2; ;1; ; ; ; ; ; ; ; ; ;42;M;Ciudad de la Costa, Paso Carrasco, Salinas Grandes y Otras;325,1058992; ; 
1064;1;3;1;1064010301;51;0;2; ; ; ; ; ; ; ; ; ; ; ; ; ;C1;10;18;42;M;Ciudad de la Costa, Paso Carrasco, Salinas Grandes y Otras;325,1058992;199006;337126
1064;1;4;1;1064010401;2; ; ; ; ; ; ; ; ; ;8;5; ; ; ; ; ; ; ;42;M;Ciudad de la Costa, Paso Carrasco, Salinas Grandes y Otras;325,1058992; ; 
1064;1;5;1;1064010501;2; ; ; ; ; ; ; ; ; ;8;5; ; ; ; ; ; ; ;42;M;Ciudad de la Costa, Paso Carrasco, Salinas Grandes y Otras;325,1058992; ; 
1064;1;6;1;1064010601;2; ; ; ; ; ; ; ; ; ;1; ; ; ; ; ; ; ; ;42;M;Ciudad de la Costa, Paso Carrasco, Salinas Grandes y Otras;325,1058992; ; 
1064;1;7;1;1064010701;2; ; ; ; ; ; ; ; ; ;1; ; ; ; ; ; ; ; ;42;M;Ciudad de la Costa, Paso Carrasco, Salinas Grandes y Otras;325,1058992; ; 
1064;2;1;1;1064020101;3; ; ; ; ; ; ; ; ; ; ; ;1; ; ; ; ; ; ;42;M;Ciudad de la Costa, Paso Carrasco, Salinas Grandes y Otras;325,1058992; ; 
1064;2;2;1;1064020201;3; ; ; ; ; ; ; ; ; ; ; ;1; ; ; ; ; ; ;42;M;Ciudad de la Costa, Paso Carrasco, Salinas Grandes y Otras;325,1058992; ; 
1064;2;3;1;1064020301;2; ; ; ; ; ; ; ; ; ;4; ; ; ; ; ; ; ; ;42;M;Ciudad de la Costa, Paso Carrasco, Salinas Grandes y Otras;325,1058992; ; 
1064;2;4;1;1064020401;2; ; ; ; ; ; ; ; ; ;4; ; ; ; ; ; ; ; ;42;M;Ciudad de la Costa, Paso Carrasco, Salinas Grandes y Otras;325,1058992; ; 
1064;2;5;1;1064020501;51;2;1; ; ; ; ; ; ; ; ; ; ; ; ; ;L4;5;15;42;M;Ciudad de la Costa, Paso Carrasco, Salinas Grandes y Otras;325,1058992;337126;337336
1064;2;6;1;1064020601;51;1;2; ; ; ; ; ; ; ; ; ; ; ; ; ;L4;5;15;42;M;Ciudad de la Costa, Paso Carrasco, Salinas Grandes y Otras;325,1058992;337336;337126
1064;2;7;1;1064020701;2; ; ; ; ; ; ; ; ; ;8;7; ; ; ; ; ; ; ;42;M;Ciudad de la Costa, Paso Carrasco, Salinas Grandes y Otras;325,1058992; ; 
1065;1;1;1;1065010101;51;1;0; ; ; ; ; ; ; ; ; ; ; ; ; ;L1;5;18;45;M+;Ciudad de la Costa, Paso Carrasco, Salinas Grandes y Otras;340,2009782;337126;337030
1065;1;2;1;1065010201;12;0;0;6;2; ; ;2; ;1; ; ; ; ; ; ; ; ; ;45;M+;Ciudad de la Costa, Paso Carrasco, Salinas Grandes y Otras;340,2009782; ; 
1065;1;3;1;1065010301;2; ; ; ; ; ; ; ; ; ;6;5; ; ; ; ; ; ; ;45;M+;Ciudad de la Costa, Paso Carrasco, Salinas Grandes y Otras;340,2009782; ; 
1065;1;4;1;1065010401;51;1;0; ; ; ; ; ; ; ; ; ; ; ; ; ;99999;5;17;45;M+;Ciudad de la Costa, Paso Carrasco, Salinas Grandes y Otras;340,2009782;337126;337341
1065;1;4;2;1065010402;12;0;0;5;2; ; ;2; ;2; ; ; ; ; ; ; ; ; ;45;M+;Ciudad de la Costa, Paso Carrasco, Salinas Grandes y Otras;340,2009782; ; 
1065;1;5;1;1065010501;12;0;0;6;2; ; ;2; ;4; ; ; ; ; ; ; ; ; ;45;M+;Ciudad de la Costa, Paso Carrasco, Salinas Grandes y Otras;340,2009782; ; 
1065;2;1;1;1065020101;51;1;0; ; ; ; ; ; ; ; ; ; ; ; ; ;L4;1;15;45;M+;Ciudad de la Costa, Paso Carrasco, Salinas Grandes y Otras;340,2009782;337126;337227
1065;2;2;1;1065020201;51;0;1; ; ; ; ; ; ; ; ; ; ; ; ; ;L1;5;15;45;M+;Ciudad de la Costa, Paso Carrasco, Salinas Grandes y Otras;340,2009782;337227;337126
1065;2;3;1;1065020301;51;1;0; ; ; ; ; ; ; ; ; ; ; ; ; ;99999;5;17;45;M+;Ciudad de la Costa, Paso Carrasco, Salinas Grandes y Otras;340,2009782;337126;337341
1065;2;3;2;1065020302;12;0;0;5;2; ; ;2; ;2; ; ; ; ; ; ; ; ; ;45;M+;Ciudad de la Costa, Paso Carrasco, Salinas Grandes y Otras;340,2009782; ; 
1065;2;4;1;1065020401;12;0;0;6;2; ; ;2; ;4; ; ; ; ; ; ; ; ; ;45;M+;Ciudad de la Costa, Paso Carrasco, Salinas Grandes y Otras;340,2009782; ; 
1066;1;1;1;1066010101;3; ; ; ; ; ; ; ; ; ; ; ;1; ; ; ; ; ; ;27;B+;Ciudad de la Costa, Paso Carrasco, Salinas Grandes y Otras;303,4951555; ; 
1066;1;2;1;1066010201;3; ; ; ; ; ; ; ; ; ; ; ;1; ; ; ; ; ; ;27;B+;Ciudad de la Costa, Paso Carrasco, Salinas Grandes y Otras;303,4951555; ; 
1067;1;1;1;1067010101;13;0;0;1;2; ; ;2; ;0; ; ; ; ; ; ; ; ; ;37;M;Ciudad de la Costa, Paso Carrasco, Salinas Grandes y Otras;521,8678513; ; 
1067;1;2;1;1067010201;13;0;0;5;2; ; ;2; ;9; ; ; ; ; ; ; ; ; ;37;M;Ciudad de la Costa, Paso Carrasco, Salinas Grandes y Otras;521,8678513; ; 
1067;2;1;1;1067020101;13;0;0;1;2; ; ;2; ;0; ; ; ; ; ; ; ; ; ;37;M;Ciudad de la Costa, Paso Carrasco, Salinas Grandes y Otras;521,8678513; ; 
1067;2;2;1;1067020201;13;0;0;2;2; ; ;2; ;0; ; ; ; ; ; ; ; ; ;37;M;Ciudad de la Costa, Paso Carrasco, Salinas Grandes y Otras;521,8678513; ; 
1067;2;3;1;1067020301;13;0;0;5;2; ; ;2; ;0; ; ; ; ; ; ; ; ; ;37;M;Ciudad de la Costa, Paso Carrasco, Salinas Grandes y Otras;521,8678513; ; 
1067;3;1;1;1067030101;2; ; ; ; ; ; ; ; ; ;1; ; ; ; ; ; ; ; ;37;M;Ciudad de la Costa, Paso Carrasco, Salinas Grandes y Otras;521,8678513; ; 
1067;3;2;1;1067030201;2; ; ; ; ; ; ; ; ; ;1; ; ; ; ; ; ; ; ;37;M;Ciudad de la Costa, Paso Carrasco, Salinas Grandes y Otras;521,8678513; ; 
1067;4;1;1;1067040101;2; ; ; ; ; ; ; ; ; ;1; ; ; ; ; ; ; ; ;37;M;Ciudad de la Costa, Paso Carrasco, Salinas Grandes y Otras;521,8678513; ; 
1067;4;2;1;1067040201;2; ; ; ; ; ; ; ; ; ;1; ; ; ; ; ; ; ; ;37;M;Ciudad de la Costa, Paso Carrasco, Salinas Grandes y Otras;521,8678513; ; 
1067;5;1;1;1067050101;2; ; ; ; ; ; ; ; ; ;1; ; ; ; ; ; ; ; ;37;M;Ciudad de la Costa, Paso Carrasco, Salinas Grandes y Otras;521,8678513; ; 
1067;5;2;1;1067050201;2; ; ; ; ; ; ; ; ; ;1; ; ; ; ; ; ; ; ;37;M;Ciudad de la Costa, Paso Carrasco, Salinas Grandes y Otras;521,8678513; ; 
1068;1;1;1;1068010101;11;0;0;4;2; ; ;2; ;0; ; ; ; ; ; ; ; ; ;47;M+;Sauce, San Jacinto, Tala,  Santoral  y Otras;69,244841; ; 
1068;1;2;1;1068010201;11;0;0;4;2; ; ;2; ;0; ; ; ; ; ; ; ; ; ;47;M+;Sauce, San Jacinto, Tala,  Santoral  y Otras;69,244841; ; 
1068;1;3;1;1068010301;11;0;0;4;2; ; ;2; ;0; ; ; ; ; ; ; ; ; ;47;M+;Sauce, San Jacinto, Tala,  Santoral  y Otras;69,244841; ; 
1068;1;4;1;1068010401;11;0;0;5;2; ; ;2; ;0; ; ; ; ; ; ; ; ; ;47;M+;Sauce, San Jacinto, Tala,  Santoral  y Otras;69,244841; ; 
1068;2;1;1;1068020101;2; ; ; ; ; ; ; ; ; ;4; ; ; ; ; ; ; ; ;47;M+;Sauce, San Jacinto, Tala,  Santoral  y Otras;69,244841; ; 
1068;2;2;1;1068020201;2; ; ; ; ; ; ; ; ; ;4; ; ; ; ; ; ; ; ;47;M+;Sauce, San Jacinto, Tala,  Santoral  y Otras;69,244841; ; 
1069;2;1;1;1069020101;51;4;0; ; ; ; ; ; ; ; ; ; ; ; ; ;6A;10;5;26;B+;Toledo, Suarez y Otras;68,73552913;306010;306011
1069;2;1;2;1069020102;51;0;1; ; ; ; ; ; ; ; ; ; ; ; ; ;6R6;10;6;26;B+;Toledo, Suarez y Otras;68,73552913;306011;110005
1069;2;2;1;1069020201;51;1;0; ; ; ; ; ; ; ; ; ; ; ; ; ;6R6;30;5;26;B+;Toledo, Suarez y Otras;68,73552913;110005;306015
1069;2;2;2;1069020202;51;0;4; ; ; ; ; ; ; ; ; ; ; ; ; ;6A;20;5;26;B+;Toledo, Suarez y Otras;68,73552913;306015;306010
1071;1;1;1;1071010101;12;0;0;1;2; ; ;2; ;2; ; ; ; ; ; ; ; ; ;33;M-;Toledo, Suarez y Otras;76,95132084; ; 
1071;1;2;1;1071010201;12;0;0;2;2; ; ;2; ;2; ; ; ; ; ; ; ; ; ;33;M-;Toledo, Suarez y Otras;76,95132084; ; 
1072;2;1;1;1072020101;2; ; ; ; ; ; ; ; ; ;11;3; ; ; ; ; ; ; ;10;B-;Toledo, Suarez y Otras;107,0729167; ; 
1072;2;2;1;1072020201;2; ; ; ; ; ; ; ; ; ;11;3; ; ; ; ; ; ; ;10;B-;Toledo, Suarez y Otras;107,0729167; ; 
1072;2;3;1;1072020301;2; ; ; ; ; ; ; ; ; ;11;3; ; ; ; ; ; ; ;10;B-;Toledo, Suarez y Otras;107,0729167; ; 
1072;2;4;1;1072020401;2; ; ; ; ; ; ; ; ; ;11;3; ; ; ; ; ; ; ;10;B-;Toledo, Suarez y Otras;107,0729167; ; 
1072;3;1;1;1072030101;2; ; ; ; ; ; ; ; ; ;11;3; ; ; ; ; ; ; ;10;B-;Toledo, Suarez y Otras;107,0729167; ; 
1072;3;2;1;1072030201;2; ; ; ; ; ; ; ; ; ;11;3; ; ; ; ; ; ; ;10;B-;Toledo, Suarez y Otras;107,0729167; ; 
1073;1;1;1;1073010101;51;3;0; ; ; ; ; ; ; ; ; ; ; ; ; ;6R6;10;11;44;M+;Toledo, Suarez y Otras;71,8922515;306013;306002
1073;1;2;1;1073010201;51;1;3; ; ; ; ; ; ; ; ; ; ; ; ; ;6A;15;11;44;M+;Toledo, Suarez y Otras;71,8922515;306002;306013
1073;2;1;1;1073020101;51;1;1; ; ; ; ; ; ; ; ; ; ; ; ; ;6A;30;11;44;M+;Toledo, Suarez y Otras;71,8922515;306013;106201
1073;2;2;1;1073020201;2; ; ; ; ; ; ; ; ; ;6;3; ; ; ; ; ; ; ;44;M+;Toledo, Suarez y Otras;71,8922515; ; 
1073;2;2;2;1073020202;51;0;1; ; ; ; ; ; ; ; ; ; ; ; ; ;6A;25;11;44;M+;Toledo, Suarez y Otras;71,8922515;106102;306013
1073;3;1;1;1073030101;51;1;0; ; ; ; ; ; ; ; ; ; ; ; ; ;6A;10;1;44;M+;Toledo, Suarez y Otras;71,8922515;306013;107104
1073;3;1;2;1073030102;2; ; ; ; ; ; ; ; ; ;6;3; ; ; ; ; ; ; ;44;M+;Toledo, Suarez y Otras;71,8922515; ; 
1073;3;2;1;1073030201;2; ; ; ; ; ; ; ; ; ;7;3; ; ; ; ; ; ; ;44;M+;Toledo, Suarez y Otras;71,8922515; ; 
1073;3;2;2;1073030202;51;0;1; ; ; ; ; ; ; ; ; ; ; ; ; ;6A;10;1;44;M+;Toledo, Suarez y Otras;71,8922515;106102;306013
1073;4;1;1;1073040101;51;1;0; ; ; ; ; ; ; ; ; ; ; ; ; ;6A;5;10;44;M+;Toledo, Suarez y Otras;71,8922515;306013;306006
1073;4;2;1;1073040201;51;1;3; ; ; ; ; ; ; ; ; ; ; ; ; ;6A;5;10;44;M+;Toledo, Suarez y Otras;71,8922515;306005;306013
1074;1;1;1;1074010101;13;0;0;2;2; ; ;2; ;0; ; ; ; ; ; ; ; ; ;35;M-;Ciudad de la Costa, Paso Carrasco, Salinas Grandes y Otras;325,1058992; ; 
1074;1;2;1;1074010201;13;0;0;6;2; ; ;2; ;0; ; ; ; ; ; ; ; ; ;35;M-;Ciudad de la Costa, Paso Carrasco, Salinas Grandes y Otras;325,1058992; ; 
1074;2;1;1;1074020101;2; ; ; ; ; ; ; ; ; ;7;3; ; ; ; ; ; ; ;35;M-;Ciudad de la Costa, Paso Carrasco, Salinas Grandes y Otras;325,1058992; ; 
1074;2;1;2;1074020102;51;0;0; ; ; ; ; ; ; ; ; ; ; ; ; ;C1;20;18;35;M-;Ciudad de la Costa, Paso Carrasco, Salinas Grandes y Otras;325,1058992;337126;317145
1074;2;1;3;1074020103;2; ; ; ; ; ; ; ; ; ;8;3; ; ; ; ; ; ; ;35;M-;Ciudad de la Costa, Paso Carrasco, Salinas Grandes y Otras;325,1058992; ; 
1074;2;2;1;1074020201;51;2;0; ; ; ; ; ; ; ; ; ; ; ; ; ;709;10;18;35;M-;Ciudad de la Costa, Paso Carrasco, Salinas Grandes y Otras;325,1058992;317145;337226
1074;2;2;2;1074020202;51;0;0; ; ; ; ; ; ; ; ; ; ; ; ; ;109;25;1;35;M-;Ciudad de la Costa, Paso Carrasco, Salinas Grandes y Otras;325,1058992;337226;337426
1074;2;2;3;1074020203;2; ; ; ; ; ; ; ; ; ;7;3; ; ; ; ; ; ; ;35;M-;Ciudad de la Costa, Paso Carrasco, Salinas Grandes y Otras;325,1058992; ; 
1074;2;3;1;1074020301;13;0;0;6;2; ; ;2; ;1; ; ; ; ; ; ; ; ; ;35;M-;Ciudad de la Costa, Paso Carrasco, Salinas Grandes y Otras;325,1058992; ; 
1074;2;4;1;1074020401;3; ; ; ; ; ; ; ; ; ; ; ;6; ; ; ; ; ; ;35;M-;Ciudad de la Costa, Paso Carrasco, Salinas Grandes y Otras;325,1058992; ; 
1076;1;1;1;1076010101;11;0;0;2;2; ; ;2; ;0; ; ; ; ; ; ; ; ; ;63;A+;Ciudad de la Costa, Paso Carrasco, Salinas Grandes y Otras;337,2987977; ; 
1076;1;2;1;1076010201;11;0;0;5;2; ; ;2; ;0; ; ; ; ; ; ; ; ; ;63;A+;Ciudad de la Costa, Paso Carrasco, Salinas Grandes y Otras;337,2987977; ; 
1076;1;3;1;1076010301;11;0;0;2;2; ; ;2; ;0; ; ; ; ; ; ; ; ; ;63;A+;Ciudad de la Costa, Paso Carrasco, Salinas Grandes y Otras;337,2987977; ; 
1076;2;1;1;1076020101;11;0;0;2;2; ; ;2; ;1; ; ; ; ; ; ; ; ; ;63;A+;Ciudad de la Costa, Paso Carrasco, Salinas Grandes y Otras;337,2987977; ; 
1076;2;2;1;1076020201;11;0;0;2;2; ; ;2; ;1; ; ; ; ; ; ; ; ; ;63;A+;Ciudad de la Costa, Paso Carrasco, Salinas Grandes y Otras;337,2987977; ; 
1077;2;1;1;1077020101;51;3;0; ; ; ; ; ; ; ; ; ; ; ; ; ;99999;10;1;34;M-;Ciudad de la Costa, Paso Carrasco, Salinas Grandes y Otras;296,7074679;337143;118031
1077;2;1;2;1077020102;2; ; ; ; ; ; ; ; ; ;12;1; ; ; ; ; ; ; ;34;M-;Ciudad de la Costa, Paso Carrasco, Salinas Grandes y Otras;296,7074679; ; 
1077;2;2;1;1077020201;2; ; ; ; ; ; ; ; ; ;12;1; ; ; ; ; ; ; ;34;M-;Ciudad de la Costa, Paso Carrasco, Salinas Grandes y Otras;296,7074679; ; 
1077;2;2;2;1077020202;51;0;3; ; ; ; ; ; ; ; ; ; ; ; ; ;99999;15;1;34;M-;Ciudad de la Costa, Paso Carrasco, Salinas Grandes y Otras;296,7074679;123101;337143
1078;1;1;1;1078010101;11;0;0;2;2; ; ;2; ;1; ; ; ; ; ; ; ; ; ;42;M;Ciudad de la Costa, Paso Carrasco, Salinas Grandes y Otras;464,9730185; ; 
1078;1;2;1;1078010201;11;0;0;5;2; ; ;2; ;0; ; ; ; ; ; ; ; ; ;42;M;Ciudad de la Costa, Paso Carrasco, Salinas Grandes y Otras;464,9730185; ; 
1078;1;3;1;1078010301;11;0;0;2;2; ; ;2; ;0; ; ; ; ; ; ; ; ; ;42;M;Ciudad de la Costa, Paso Carrasco, Salinas Grandes y Otras;464,9730185; ; 
1078;1;4;1;1078010401;11;0;0;5;2; ; ;2; ;0; ; ; ; ; ; ; ; ; ;42;M;Ciudad de la Costa, Paso Carrasco, Salinas Grandes y Otras;464,9730185; ; 
1078;2;1;1;1078020101;2; ; ; ; ; ; ; ; ; ;2; ; ; ; ; ; ; ; ;42;M;Ciudad de la Costa, Paso Carrasco, Salinas Grandes y Otras;464,9730185; ; 
1078;2;2;1;1078020201;2; ; ; ; ; ; ; ; ; ;2; ; ; ; ; ; ; ; ;42;M;Ciudad de la Costa, Paso Carrasco, Salinas Grandes y Otras;464,9730185; ; 
1078;3;1;1;1078030101;12;0;0;2;2; ; ;2; ;1; ; ; ; ; ; ; ; ; ;42;M;Ciudad de la Costa, Paso Carrasco, Salinas Grandes y Otras;464,9730185; ; 
1078;3;2;1;1078030201;12;0;0;5;2; ; ;2; ;1; ; ; ; ; ; ; ; ; ;42;M;Ciudad de la Costa, Paso Carrasco, Salinas Grandes y Otras;464,9730185; ; 
1079;1;1;1;1079010101;13;0;0;1;2; ; ;2; ;0; ; ; ; ; ; ; ; ; ;31;M-;Ciudad de la Costa, Paso Carrasco, Salinas Grandes y Otras;325,517129; ; 
1079;1;2;1;1079010201;13;0;0;5;2; ; ;2; ;0; ; ; ; ; ; ; ; ; ;31;M-;Ciudad de la Costa, Paso Carrasco, Salinas Grandes y Otras;325,517129; ; 
1081;1;1;1;1081010101;3; ; ; ; ; ; ; ; ; ; ; ;1; ; ; ; ; ; ;38;M;Ciudad de la Costa, Paso Carrasco, Salinas Grandes y Otras;474,4332293; ; 
1081;1;2;1;1081010201;3; ; ; ; ; ; ; ; ; ; ; ;1; ; ; ; ; ; ;38;M;Ciudad de la Costa, Paso Carrasco, Salinas Grandes y Otras;474,4332293; ; 
1081;1;3;1;1081010301;3; ; ; ; ; ; ; ; ; ; ; ;1; ; ; ; ; ; ;38;M;Ciudad de la Costa, Paso Carrasco, Salinas Grandes y Otras;474,4332293; ; 
1081;1;4;1;1081010401;3; ; ; ; ; ; ; ; ; ; ; ;1; ; ; ; ; ; ;38;M;Ciudad de la Costa, Paso Carrasco, Salinas Grandes y Otras;474,4332293; ; 
1081;2;1;1;1081020101;3; ; ; ; ; ; ; ; ; ; ; ;1; ; ; ; ; ; ;38;M;Ciudad de la Costa, Paso Carrasco, Salinas Grandes y Otras;474,4332293; ; 
1081;2;2;1;1081020201;3; ; ; ; ; ; ; ; ; ; ; ;1; ; ; ; ; ; ;38;M;Ciudad de la Costa, Paso Carrasco, Salinas Grandes y Otras;474,4332293; ; 
1081;3;1;1;1081030101;2; ; ; ; ; ; ; ; ; ;8;7; ; ; ; ; ; ; ;38;M;Ciudad de la Costa, Paso Carrasco, Salinas Grandes y Otras;474,4332293; ; 
1081;3;2;1;1081030201;2; ; ; ; ; ; ; ; ; ;8;7; ; ; ; ; ; ; ;38;M;Ciudad de la Costa, Paso Carrasco, Salinas Grandes y Otras;474,4332293; ; 
1084;1;1;1;1084010101;11;0;0;2;2; ; ;2; ;0; ; ; ; ; ; ; ; ; ;60;A+;Ciudad de la Costa, Paso Carrasco, Salinas Grandes y Otras;337,2987977; ; 
1084;1;2;1;1084010201;11;0;0;5;2; ; ;2; ;0; ; ; ; ; ; ; ; ; ;60;A+;Ciudad de la Costa, Paso Carrasco, Salinas Grandes y Otras;337,2987977; ; 
1084;2;1;1;1084020101;13;0;0;2;2; ; ;2; ;0; ; ; ; ; ; ; ; ; ;60;A+;Ciudad de la Costa, Paso Carrasco, Salinas Grandes y Otras;337,2987977; ; 
1084;2;2;1;1084020201;13;0;0;5;2; ; ;2; ;0; ; ; ; ; ; ; ; ; ;60;A+;Ciudad de la Costa, Paso Carrasco, Salinas Grandes y Otras;337,2987977; ; 
1085;1;1;1;1085010101;51;1;4; ; ; ; ; ; ; ; ; ; ; ; ; ;14A;5;1;34;M-;Pando;151,1619612;327013;337217
1086;1;1;1;1086010101;11;0;0;2;2; ; ;2; ;2; ; ; ; ; ; ; ; ; ;55;A-;Ciudad de la Costa, Paso Carrasco, Salinas Grandes y Otras;390,8685507; ; 
1086;1;2;1;1086010201;11;0;0;5;2; ; ;2; ;0; ; ; ; ; ; ; ; ; ;55;A-;Ciudad de la Costa, Paso Carrasco, Salinas Grandes y Otras;390,8685507; ; 
1086;1;3;1;1086010301;11;0;0;1;2; ; ;2; ;1; ; ; ; ; ; ; ; ; ;55;A-;Ciudad de la Costa, Paso Carrasco, Salinas Grandes y Otras;390,8685507; ; 
1086;1;4;1;1086010401;11;0;0;5;2; ; ;2; ;0; ; ; ; ; ; ; ; ; ;55;A-;Ciudad de la Costa, Paso Carrasco, Salinas Grandes y Otras;390,8685507; ; 
1086;1;5;1;1086010501;11;0;0;2;2; ; ;2; ;0; ; ; ; ; ; ; ; ; ;55;A-;Ciudad de la Costa, Paso Carrasco, Salinas Grandes y Otras;390,8685507; ; 
1086;1;6;1;1086010601;11;0;0;5;2; ; ;2; ;1; ; ; ; ; ; ; ; ; ;55;A-;Ciudad de la Costa, Paso Carrasco, Salinas Grandes y Otras;390,8685507; ; 
1086;2;1;1;1086020101;12;0;0;2;2; ; ;2; ;1; ; ; ; ; ; ; ; ; ;55;A-;Ciudad de la Costa, Paso Carrasco, Salinas Grandes y Otras;390,8685507; ; 
1086;2;2;1;1086020201;51;4;2; ; ; ; ; ; ; ; ; ; ; ; ; ;700;10;1;55;A-;Ciudad de la Costa, Paso Carrasco, Salinas Grandes y Otras;390,8685507;101002;337143
1086;3;1;1;1086030101;12;0;0;2;2; ; ;2; ;2; ; ; ; ; ; ; ; ; ;55;A-;Ciudad de la Costa, Paso Carrasco, Salinas Grandes y Otras;390,8685507; ; 
1086;3;2;1;1086030201;51;0;2; ; ; ; ; ; ; ; ; ; ; ; ; ;99999;10;15;55;A-;Ciudad de la Costa, Paso Carrasco, Salinas Grandes y Otras;390,8685507;337286;337143
1086;3;3;1;1086030301;51;2;2; ; ; ; ; ; ; ; ; ; ; ; ; ;C1;10;1;55;A-;Ciudad de la Costa, Paso Carrasco, Salinas Grandes y Otras;390,8685507;337143;337137
1086;3;4;1;1086030401;12;0;0;5;2; ; ;2; ;1; ; ; ; ; ; ; ; ; ;55;A-;Ciudad de la Costa, Paso Carrasco, Salinas Grandes y Otras;390,8685507; ; 
1086;4;1;1;1086040101;12;0;0;2;2; ; ;2; ;2; ; ; ; ; ; ; ; ; ;55;A-;Ciudad de la Costa, Paso Carrasco, Salinas Grandes y Otras;390,8685507; ; 
1086;4;2;1;1086040201;12;0;0;2;2; ; ;2; ;2; ; ; ; ; ; ; ; ; ;55;A-;Ciudad de la Costa, Paso Carrasco, Salinas Grandes y Otras;390,8685507; ; 
1087;1;1;1;1087010101;2; ; ; ; ; ; ; ; ; ;2; ; ; ; ; ; ; ; ;56;A-;Ciudad de la Costa, Paso Carrasco, Salinas Grandes y Otras;325,9288791; ; 
1087;1;2;1;1087010201;2; ; ; ; ; ; ; ; ; ;2; ; ; ; ; ; ; ; ;56;A-;Ciudad de la Costa, Paso Carrasco, Salinas Grandes y Otras;325,9288791; ; 
1087;1;3;1;1087010301;12;0;0;1;2; ; ;2; ;2; ; ; ; ; ; ; ; ; ;56;A-;Ciudad de la Costa, Paso Carrasco, Salinas Grandes y Otras;325,9288791; ; 
1087;2;1;1;1087020101;11;0;0;3;1;1;60;2; ;0; ; ; ; ; ; ; ; ; ;56;A-;Ciudad de la Costa, Paso Carrasco, Salinas Grandes y Otras;325,9288791; ; 
1087;2;2;1;1087020201;11;0;0;2;2; ; ;2; ;0; ; ; ; ; ; ; ; ; ;56;A-;Ciudad de la Costa, Paso Carrasco, Salinas Grandes y Otras;325,9288791; ; 
1087;2;3;1;1087020301;11;0;0;2;2; ; ;2; ;0; ; ; ; ; ; ; ; ; ;56;A-;Ciudad de la Costa, Paso Carrasco, Salinas Grandes y Otras;325,9288791; ; 
1087;2;4;1;1087020401;11;0;0;1;2; ; ;2; ;0; ; ; ; ; ; ; ; ; ;56;A-;Ciudad de la Costa, Paso Carrasco, Salinas Grandes y Otras;325,9288791; ; 
1087;2;5;1;1087020501;11;0;0;5;2; ; ;2; ;0; ; ; ; ; ; ; ; ; ;56;A-;Ciudad de la Costa, Paso Carrasco, Salinas Grandes y Otras;325,9288791; ; 
1087;2;6;1;1087020601;11;0;0;1;2; ; ;2; ;2; ; ; ; ; ; ; ; ; ;56;A-;Ciudad de la Costa, Paso Carrasco, Salinas Grandes y Otras;325,9288791; ; 
1088;1;1;1;1088010101;11;0;0;1;2; ; ;2; ;0; ; ; ; ; ; ; ; ; ;54;A-;Ciudad de la Costa, Paso Carrasco, Salinas Grandes y Otras;432,3605741; ; 
1088;1;2;1;1088010201;11;0;0;5;2; ; ;2; ;0; ; ; ; ; ; ; ; ; ;54;A-;Ciudad de la Costa, Paso Carrasco, Salinas Grandes y Otras;432,3605741; ; 
1088;1;3;1;1088010301;11;0;0;1;2; ; ;2; ;0; ; ; ; ; ; ; ; ; ;54;A-;Ciudad de la Costa, Paso Carrasco, Salinas Grandes y Otras;432,3605741; ; 
1088;1;4;1;1088010401;11;0;0;5;2; ; ;2; ;0; ; ; ; ; ; ; ; ; ;54;A-;Ciudad de la Costa, Paso Carrasco, Salinas Grandes y Otras;432,3605741; ; 
1089;1;1;1;1089010101;51;1;0; ; ; ; ; ; ; ; ; ; ; ; ; ;99999;5;17;43;M;Ciudad de la Costa, Paso Carrasco, Salinas Grandes y Otras;391,3629644;337143;337329
1089;1;1;2;1089010102;2; ; ; ; ; ; ; ; ; ;14;1; ; ; ; ; ; ; ;43;M;Ciudad de la Costa, Paso Carrasco, Salinas Grandes y Otras;391,3629644; ; 
1089;1;2;1;1089010201;51;0;0; ; ; ; ; ; ; ; ; ; ; ; ; ;99999;20;17;43;M;Ciudad de la Costa, Paso Carrasco, Salinas Grandes y Otras;391,3629644;337529;337186
1089;1;2;2;1089010202;51;0;2; ; ; ; ; ; ; ; ; ; ; ; ; ;99999;10;17;43;M;Ciudad de la Costa, Paso Carrasco, Salinas Grandes y Otras;391,3629644;337186;337243
1089;1;3;1;1089010301;2; ; ; ; ; ; ; ; ; ;5;7; ; ; ; ; ; ; ;43;M;Ciudad de la Costa, Paso Carrasco, Salinas Grandes y Otras;391,3629644; ; 
1089;1;3;2;1089010302;51;0;0; ; ; ; ; ; ; ; ; ; ; ; ; ;7E8R;5;17;43;M;Ciudad de la Costa, Paso Carrasco, Salinas Grandes y Otras;391,3629644;337343;337440
1089;1;4;1;1089010401;51;0;2; ; ; ; ; ; ; ; ; ; ; ; ; ;99999;30;17;43;M;Ciudad de la Costa, Paso Carrasco, Salinas Grandes y Otras;391,3629644;337440;337243
1089;2;1;1;1089020101;11;0;0;5;2; ; ;2; ;0; ; ; ; ; ; ; ; ; ;43;M;Ciudad de la Costa, Paso Carrasco, Salinas Grandes y Otras;391,3629644; ; 
1089;2;2;1;1089020201;11;0;0;5;2; ; ;2; ;0; ; ; ; ; ; ; ; ; ;43;M;Ciudad de la Costa, Paso Carrasco, Salinas Grandes y Otras;391,3629644; ; 
1089;3;1;1;1089030101;51;2;0; ; ; ; ; ; ; ; ; ; ; ; ; ;99999;5;10;43;M;Ciudad de la Costa, Paso Carrasco, Salinas Grandes y Otras;391,3629644;337143;337440
1089;3;2;1;1089030201;51;0;2; ; ; ; ; ; ; ; ; ; ; ; ; ;99999;10;10;43;M;Ciudad de la Costa, Paso Carrasco, Salinas Grandes y Otras;391,3629644;337440;337243
1089;4;1;1;1089040101;2; ; ; ; ; ; ; ; ; ;4; ; ; ; ; ; ; ; ;43;M;Ciudad de la Costa, Paso Carrasco, Salinas Grandes y Otras;391,3629644; ; 
1089;4;2;1;1089040201;2; ; ; ; ; ; ; ; ; ;4; ; ; ; ; ; ; ; ;43;M;Ciudad de la Costa, Paso Carrasco, Salinas Grandes y Otras;391,3629644; ; 
1089;4;3;1;1089040301;2; ; ; ; ; ; ; ; ; ;5;7; ; ; ; ; ; ; ;43;M;Ciudad de la Costa, Paso Carrasco, Salinas Grandes y Otras;391,3629644; ; 
1089;4;3;2;1089040302;51;0;0; ; ; ; ; ; ; ; ; ; ; ; ; ;7E8R;5;12;43;M;Ciudad de la Costa, Paso Carrasco, Salinas Grandes y Otras;391,3629644;337343;337440
1089;4;4;1;1089040401;51;0;2; ; ; ; ; ; ; ; ; ; ; ; ; ;99999;30;12;43;M;Ciudad de la Costa, Paso Carrasco, Salinas Grandes y Otras;391,3629644;337440;337243
1090;1;1;1;1090010101;13;0;0;1;2; ; ;2; ;0; ; ; ; ; ; ; ; ; ;43;M;Ciudad de la Costa, Paso Carrasco, Salinas Grandes y Otras;340,4667078; ; 
1090;1;2;1;1090010201;13;0;0;5;2; ; ;2; ;0; ; ; ; ; ; ; ; ; ;43;M;Ciudad de la Costa, Paso Carrasco, Salinas Grandes y Otras;340,4667078; ; 
1090;2;1;1;1090020101;13;0;0;2;2; ; ;2; ;0; ; ; ; ; ; ; ; ; ;43;M;Ciudad de la Costa, Paso Carrasco, Salinas Grandes y Otras;340,4667078; ; 
1090;2;2;1;1090020201;13;0;0;5;2; ; ;2; ;0; ; ; ; ; ; ; ; ; ;43;M;Ciudad de la Costa, Paso Carrasco, Salinas Grandes y Otras;340,4667078; ; 
1090;3;1;1;1090030101;12;0;0;2;2; ; ;2; ;2; ; ; ; ; ; ; ; ; ;43;M;Ciudad de la Costa, Paso Carrasco, Salinas Grandes y Otras;340,4667078; ; 
1090;3;2;1;1090030201;51;0;1; ; ; ; ; ; ; ; ; ; ; ; ; ;99999;10;19;43;M;Ciudad de la Costa, Paso Carrasco, Salinas Grandes y Otras;340,4667078;337186;337243
1090;3;3;1;1090030301;12;0;0;2;2; ; ;2; ;3; ; ; ; ; ; ; ; ; ;43;M;Ciudad de la Costa, Paso Carrasco, Salinas Grandes y Otras;340,4667078; ; 
1090;3;4;1;1090030401;12;0;0;2;2; ; ;2; ;3; ; ; ; ; ; ; ; ; ;43;M;Ciudad de la Costa, Paso Carrasco, Salinas Grandes y Otras;340,4667078; ; 
1090;4;1;1;1090040101;2; ; ; ; ; ; ; ; ; ;2; ; ; ; ; ; ; ; ;43;M;Ciudad de la Costa, Paso Carrasco, Salinas Grandes y Otras;340,4667078; ; 
1090;4;2;1;1090040201;2; ; ; ; ; ; ; ; ; ;2; ; ; ; ; ; ; ; ;43;M;Ciudad de la Costa, Paso Carrasco, Salinas Grandes y Otras;340,4667078; ; 
1091;2;1;1;1091020101;12;0;0;2;2; ; ;2; ;2; ; ; ; ; ; ; ; ; ;57;A-;Ciudad de la Costa, Paso Carrasco, Salinas Grandes y Otras;484,0395888; ; 
1091;2;2;1;1091020201;12;0;0;2;2; ; ;2; ;2; ; ; ; ; ; ; ; ; ;57;A-;Ciudad de la Costa, Paso Carrasco, Salinas Grandes y Otras;484,0395888; ; 
1092;1;1;1;1092010101;51;2;0; ; ; ; ; ; ; ; ; ; ; ; ; ;700;15;1;35;M-;Ciudad de la Costa, Paso Carrasco, Salinas Grandes y Otras;408,5003566;337243;110077
1092;1;2;1;1092010201;51;0;2; ; ; ; ; ; ; ; ; ; ; ; ; ;700;10;1;35;M-;Ciudad de la Costa, Paso Carrasco, Salinas Grandes y Otras;408,5003566;110077;337243
1092;1;3;1;1092010301;12;0;0;5;2; ; ;2; ;3; ; ; ; ; ; ; ; ; ;35;M-;Ciudad de la Costa, Paso Carrasco, Salinas Grandes y Otras;408,5003566; ; 
1092;1;4;1;1092010401;12;0;0;5;2; ; ;2; ;3; ; ; ; ; ; ; ; ; ;35;M-;Ciudad de la Costa, Paso Carrasco, Salinas Grandes y Otras;408,5003566; ; 
1092;2;1;1;1092020101;11;0;0;2;2; ; ;2; ;2; ; ; ; ; ; ; ; ; ;35;M-;Ciudad de la Costa, Paso Carrasco, Salinas Grandes y Otras;408,5003566; ; 
1092;2;2;1;1092020201;11;0;0;5;2; ; ;2; ;0; ; ; ; ; ; ; ; ; ;35;M-;Ciudad de la Costa, Paso Carrasco, Salinas Grandes y Otras;408,5003566; ; 
1092;2;3;1;1092020301;11;0;0;5;2; ; ;2; ;3; ; ; ; ; ; ; ; ; ;35;M-;Ciudad de la Costa, Paso Carrasco, Salinas Grandes y Otras;408,5003566; ; 
1092;2;4;1;1092020401;11;0;0;5;2; ; ;2; ;3; ; ; ; ; ; ; ; ; ;35;M-;Ciudad de la Costa, Paso Carrasco, Salinas Grandes y Otras;408,5003566; ; 
1092;3;1;1;1092030101;12;0;0;2;2; ; ;2; ;2; ; ; ; ; ; ; ; ; ;35;M-;Ciudad de la Costa, Paso Carrasco, Salinas Grandes y Otras;408,5003566; ; 
1092;3;2;1;1092030201;12;0;0;5;2; ; ;2; ;2; ; ; ; ; ; ; ; ; ;35;M-;Ciudad de la Costa, Paso Carrasco, Salinas Grandes y Otras;408,5003566; ; 
1092;3;3;1;1092030301;12;0;0;5;2; ; ;2; ;3; ; ; ; ; ; ; ; ; ;35;M-;Ciudad de la Costa, Paso Carrasco, Salinas Grandes y Otras;408,5003566; ; 
1092;3;4;1;1092030401;12;0;0;5;2; ; ;2; ;3; ; ; ; ; ; ; ; ; ;35;M-;Ciudad de la Costa, Paso Carrasco, Salinas Grandes y Otras;408,5003566; ; 
1092;4;1;1;1092040101;12;0;0;2;2; ; ;2; ;2; ; ; ; ; ; ; ; ; ;35;M-;Ciudad de la Costa, Paso Carrasco, Salinas Grandes y Otras;408,5003566; ; 
1092;4;2;1;1092040201;12;0;0;5;2; ; ;2; ;2; ; ; ; ; ; ; ; ; ;35;M-;Ciudad de la Costa, Paso Carrasco, Salinas Grandes y Otras;408,5003566; ; 
1092;4;3;1;1092040301;12;0;0;5;2; ; ;2; ;3; ; ; ; ; ; ; ; ; ;35;M-;Ciudad de la Costa, Paso Carrasco, Salinas Grandes y Otras;408,5003566; ; 
1092;4;4;1;1092040401;12;0;0;5;2; ; ;2; ;3; ; ; ; ; ; ; ; ; ;35;M-;Ciudad de la Costa, Paso Carrasco, Salinas Grandes y Otras;408,5003566; ; 
1094;1;1;1;1094010101;51;2;0; ; ; ; ; ; ; ; ; ; ; ; ; ;C1;3;1;49;M+;Ciudad de la Costa, Paso Carrasco, Salinas Grandes y Otras;348,6959743;337243;118031
1094;1;1;2;1094010102;2; ; ; ; ; ; ; ; ; ;12;7; ; ; ; ; ; ; ;49;M+;Ciudad de la Costa, Paso Carrasco, Salinas Grandes y Otras;348,6959743; ; 
1094;1;2;1;1094010201;12;0;0;2;2; ; ;2; ;2; ; ; ; ; ; ; ; ; ;49;M+;Ciudad de la Costa, Paso Carrasco, Salinas Grandes y Otras;348,6959743; ; 
1094;1;2;2;1094010202;51;0;2; ; ; ; ; ; ; ; ; ; ; ; ; ;711;20;1;49;M+;Ciudad de la Costa, Paso Carrasco, Salinas Grandes y Otras;348,6959743;123101;337243
1094;3;1;1;1094030101;3; ; ; ; ; ; ; ; ; ; ; ;1; ; ; ; ; ; ;49;M+;Ciudad de la Costa, Paso Carrasco, Salinas Grandes y Otras;348,6959743; ; 
1094;3;2;1;1094030201;51;1;4; ; ; ; ; ; ; ; ; ; ; ; ; ;714;5;1;49;M+;Ciudad de la Costa, Paso Carrasco, Salinas Grandes y Otras;348,6959743;337343;110146
1094;3;3;1;1094030301;51;4;0; ; ; ; ; ; ; ; ; ; ; ; ; ;214;10;1;49;M+;Ciudad de la Costa, Paso Carrasco, Salinas Grandes y Otras;348,6959743;110146;337343
1094;3;3;2;1094030302;3; ; ; ; ; ; ; ; ; ; ; ;1; ; ; ; ; ; ;49;M+;Ciudad de la Costa, Paso Carrasco, Salinas Grandes y Otras;348,6959743; ; 
1094;3;4;1;1094030401;3; ; ; ; ; ; ; ; ; ; ; ;2; ; ; ; ; ; ;49;M+;Ciudad de la Costa, Paso Carrasco, Salinas Grandes y Otras;348,6959743; ; 
1094;3;5;1;1094030501;3; ; ; ; ; ; ; ; ; ; ; ;1; ; ; ; ; ; ;49;M+;Ciudad de la Costa, Paso Carrasco, Salinas Grandes y Otras;348,6959743; ; 
1095;1;1;1;1095010101;12;0;0;2;2; ; ;2; ;2; ; ; ; ; ; ; ; ; ;42;M;Ciudad de la Costa, Paso Carrasco, Salinas Grandes y Otras;276,6345334; ; 
1095;1;2;1;1095010201;51;1;0; ; ; ; ; ; ; ; ; ; ; ; ; ;709;5;1;42;M;Ciudad de la Costa, Paso Carrasco, Salinas Grandes y Otras;276,6345334;110077;337136
1095;1;3;1;1095010301;51;0;0; ; ; ; ; ; ; ; ; ; ; ; ; ;99999;3;17;42;M;Ciudad de la Costa, Paso Carrasco, Salinas Grandes y Otras;276,6345334;337136;337243
1096;1;1;1;1096010101;51;1;4; ; ; ; ; ; ; ; ; ; ; ; ; ;C3;15;19;52;A-;Ciudad de la Costa, Paso Carrasco, Salinas Grandes y Otras;450,4407732;337391;317146
1096;1;2;1;1096010201;51;4;2; ; ; ; ; ; ; ; ; ; ; ; ; ;711;10;19;52;A-;Ciudad de la Costa, Paso Carrasco, Salinas Grandes y Otras;450,4407732;317146;317059
1096;1;3;1;1096010301;51;2;1; ; ; ; ; ; ; ; ; ; ; ; ; ;711;5;19;52;A-;Ciudad de la Costa, Paso Carrasco, Salinas Grandes y Otras;450,4407732;317059;337391
1096;2;1;1;1096020101;11;0;0;1;2; ; ;2; ;0; ; ; ; ; ; ; ; ; ;52;A-;Ciudad de la Costa, Paso Carrasco, Salinas Grandes y Otras;450,4407732; ; 
1096;2;2;1;1096020201;11;0;0;2;2; ; ;2; ;0; ; ; ; ; ; ; ; ; ;52;A-;Ciudad de la Costa, Paso Carrasco, Salinas Grandes y Otras;450,4407732; ; 
1097;1;1;1;1097010101;11;0;0;1;2; ; ;2; ;0; ; ; ; ; ; ; ; ; ;56;A-;Ciudad de la Costa, Paso Carrasco, Salinas Grandes y Otras;544,6671422; ; 
1097;1;2;1;1097010201;11;0;0;5;2; ; ;2; ;0; ; ; ; ; ; ; ; ; ;56;A-;Ciudad de la Costa, Paso Carrasco, Salinas Grandes y Otras;544,6671422; ; 
1097;1;3;1;1097010301;11;0;0;1;2; ; ;2; ;0; ; ; ; ; ; ; ; ; ;56;A-;Ciudad de la Costa, Paso Carrasco, Salinas Grandes y Otras;544,6671422; ; 
1097;1;4;1;1097010401;11;0;0;5;2; ; ;2; ;0; ; ; ; ; ; ; ; ; ;56;A-;Ciudad de la Costa, Paso Carrasco, Salinas Grandes y Otras;544,6671422; ; 
1097;2;1;1;1097020101;11;0;0;1;2; ; ;2; ;0; ; ; ; ; ; ; ; ; ;56;A-;Ciudad de la Costa, Paso Carrasco, Salinas Grandes y Otras;544,6671422; ; 
1097;2;2;1;1097020201;11;0;0;5;2; ; ;2; ;0; ; ; ; ; ; ; ; ; ;56;A-;Ciudad de la Costa, Paso Carrasco, Salinas Grandes y Otras;544,6671422; ; 
1097;3;1;1;1097030101;12;0;0;2;2; ; ;2; ;1; ; ; ; ; ; ; ; ; ;56;A-;Ciudad de la Costa, Paso Carrasco, Salinas Grandes y Otras;544,6671422; ; 
1097;3;2;1;1097030201;12;0;0;5;2; ; ;2; ;1; ; ; ; ; ; ; ; ; ;56;A-;Ciudad de la Costa, Paso Carrasco, Salinas Grandes y Otras;544,6671422; ; 
1100;1;1;1;1100010101;11;0;0;5;2; ; ;2; ;0; ; ; ; ; ; ; ; ; ;41;M;Ciudad de la Costa, Paso Carrasco, Salinas Grandes y Otras;356,2750086; ; 
1100;1;2;1;1100010201;11;0;0;2;2; ; ;2; ;1; ; ; ; ; ; ; ; ; ;41;M;Ciudad de la Costa, Paso Carrasco, Salinas Grandes y Otras;356,2750086; ; 
1100;1;3;1;1100010301;11;0;0;5;2; ; ;2; ;0; ; ; ; ; ; ; ; ; ;41;M;Ciudad de la Costa, Paso Carrasco, Salinas Grandes y Otras;356,2750086; ; 
1100;1;4;1;1100010401;11;0;0;2;2; ; ;2; ;0; ; ; ; ; ; ; ; ; ;41;M;Ciudad de la Costa, Paso Carrasco, Salinas Grandes y Otras;356,2750086; ; 
1100;1;5;1;1100010501;11;0;0;5;2; ; ;2; ;1; ; ; ; ; ; ; ; ; ;41;M;Ciudad de la Costa, Paso Carrasco, Salinas Grandes y Otras;356,2750086; ; 
1100;1;6;1;1100010601;11;0;0;2;2; ; ;2; ;1; ; ; ; ; ; ; ; ; ;41;M;Ciudad de la Costa, Paso Carrasco, Salinas Grandes y Otras;356,2750086; ; 
1100;1;7;1;1100010701;11;0;0;1;2; ; ;2; ;0; ; ; ; ; ; ; ; ; ;41;M;Ciudad de la Costa, Paso Carrasco, Salinas Grandes y Otras;356,2750086; ; 
1100;2;1;1;1100020101;51;0;1; ; ; ; ; ; ; ; ; ; ; ; ; ;71;10;14;41;M;Ciudad de la Costa, Paso Carrasco, Salinas Grandes y Otras;356,2750086;117341;123212
1100;2;1;2;1100020102;51;0;3; ; ; ; ; ; ; ; ; ; ; ; ; ;C1;10;14;41;M;Ciudad de la Costa, Paso Carrasco, Salinas Grandes y Otras;356,2750086;123212;337243
1100;2;2;1;1100020201;12;0;0;2;2; ; ;2; ;1; ; ; ; ; ; ; ; ; ;41;M;Ciudad de la Costa, Paso Carrasco, Salinas Grandes y Otras;356,2750086; ; 
1100;3;1;1;1100030101;11;0;0;2;2; ; ;2; ;1; ; ; ; ; ; ; ; ; ;41;M;Ciudad de la Costa, Paso Carrasco, Salinas Grandes y Otras;356,2750086; ; 
1100;3;2;1;1100030201;12;0;0;2;2; ; ;2; ;1; ; ; ; ; ; ; ; ; ;41;M;Ciudad de la Costa, Paso Carrasco, Salinas Grandes y Otras;356,2750086; ; 
1100;4;1;1;1100040101;3; ; ; ; ; ; ; ; ; ; ; ;1; ; ; ; ; ; ;41;M;Ciudad de la Costa, Paso Carrasco, Salinas Grandes y Otras;356,2750086; ; 
1100;4;2;1;1100040201;3; ; ; ; ; ; ; ; ; ; ; ;1; ; ; ; ; ; ;41;M;Ciudad de la Costa, Paso Carrasco, Salinas Grandes y Otras;356,2750086; ; 
1101;1;1;1;1101010101;51;2;1; ; ; ; ; ; ; ; ; ; ; ; ; ;191;15;3;53;A-;Montevideo Medio Alto;515,2530422;119106;123205
1101;1;2;1;1101010201;2; ; ; ; ; ; ; ; ; ;7;6; ; ; ; ; ; ; ;53;A-;Montevideo Medio Alto;515,2530422; ; 
1101;1;3;1;1101010301;42;0;0; ; ; ; ; ; ; ; ; ; ;104;2;0; ; ; ;53;A-;Montevideo Medio Alto;515,2530422; ; 
1101;1;4;1;1101010401;51;1;0; ; ; ; ; ; ; ; ; ; ; ; ; ;76;999;3;53;A-;Montevideo Medio Alto;515,2530422;124121;119106
1101;3;1;1;1101030101;12;0;0;6;2; ; ;2; ;1; ; ; ; ; ; ; ; ; ;53;A-;Montevideo Medio Alto;515,2530422; ; 
1101;3;2;1;1101030201;12;0;0;6;2; ; ;2; ;1; ; ; ; ; ; ; ; ; ;53;A-;Montevideo Medio Alto;515,2530422; ; 
1102;1;1;1;1102010101;11;0;2;4;1;3;2500;2; ;0; ; ; ; ; ; ; ; ; ;73;A+;Montevideo Medio;570,4976451; ; 
1102;1;2;1;1102010201;11;2;0;5;2; ; ;2; ;0; ; ; ; ; ; ; ; ; ;73;A+;Montevideo Medio;570,4976451; ; 
1102;1;3;1;1102010301;11;0;0;5;2; ; ;2; ;0; ; ; ; ; ; ; ; ; ;73;A+;Montevideo Medio;570,4976451; ; 
1102;1;4;1;1102010401;11;0;0;5;2; ; ;2; ;0; ; ; ; ; ; ; ; ; ;73;A+;Montevideo Medio;570,4976451; ; 
1103;2;1;1;1103020101;11;0;1;2;2; ; ;2; ;0; ; ; ; ; ; ; ; ; ;46;M+;Zona I - Casavalle            NoBajo;76,98913997; ; 
1103;2;2;1;1103020201;11;1;1;6;2; ; ;2; ;0; ; ; ; ; ; ; ; ; ;46;M+;Zona I - Casavalle            NoBajo;76,98913997; ; 
1103;2;3;1;1103020301;11;1;0;5;2; ; ;2; ;0; ; ; ; ; ; ; ; ; ;46;M+;Zona I - Casavalle            NoBajo;76,98913997; ; 
1104;1;1;1;1104010101;12;0;1;2;2; ; ;2; ;3; ; ; ; ; ; ; ; ; ;45;M+;Zona I - Casavalle            NoBajo;85,66142176; ; 
1104;2;1;1;1104020101;11;0;1;2;2; ; ;2; ;2; ; ; ; ; ; ; ; ; ;45;M+;Zona I - Casavalle            NoBajo;85,66142176; ; 
1105;3;1;1;1105030101;2; ; ; ; ; ; ; ; ; ;2; ; ; ; ; ; ; ; ;30;M-;Zona I - Casavalle            NoBajo;80,87943055; ; 
1105;3;2;1;1105030201;2; ; ; ; ; ; ; ; ; ;2; ; ; ; ; ; ; ; ;30;M-;Zona I - Casavalle            NoBajo;80,87943055; ; 
1105;3;3;1;1105030301;12;0;1;2;2; ; ;2; ;1; ; ; ; ; ; ; ; ; ;30;M-;Zona I - Casavalle            NoBajo;80,87943055; ; 
1105;3;4;1;1105030401;12;0;1;2;2; ; ;2; ;1; ; ; ; ; ; ; ; ; ;30;M-;Zona I - Casavalle            NoBajo;80,87943055; ; 
1105;3;5;1;1105030501;12;1;0;2;2; ; ;2; ;1; ; ; ; ; ; ; ; ; ;30;M-;Zona I - Casavalle            NoBajo;80,87943055; ; 
1105;4;1;1;1105040101;2; ; ; ; ; ; ; ; ; ;2; ; ; ; ; ; ; ; ;30;M-;Zona I - Casavalle            NoBajo;80,87943055; ; 
1105;4;2;1;1105040201;2; ; ; ; ; ; ; ; ; ;2; ; ; ; ; ; ; ; ;30;M-;Zona I - Casavalle            NoBajo;80,87943055; ; 
1105;4;3;1;1105040301;12;1;0;5;2; ; ;2; ;1; ; ; ; ; ; ; ; ; ;30;M-;Zona I - Casavalle            NoBajo;80,87943055; ; 
1106;1;1;1;1106010101;2; ; ; ; ; ; ; ; ; ;20;6; ; ; ; ; ; ; ;49;M+;Zona I - Casavalle            NoBajo;87,62107236; ; 
1106;1;2;1;1106010201;2; ; ; ; ; ; ; ; ; ;20;6; ; ; ; ; ; ; ;49;M+;Zona I - Casavalle            NoBajo;87,62107236; ; 
1106;1;3;1;1106010301;2; ; ; ; ; ; ; ; ; ;2; ; ; ; ; ; ; ; ;49;M+;Zona I - Casavalle            NoBajo;87,62107236; ; 
1106;1;4;1;1106010401;2; ; ; ; ; ; ; ; ; ;2; ; ; ; ; ; ; ; ;49;M+;Zona I - Casavalle            NoBajo;87,62107236; ; 
1107;1;1;1;1107010101;51;3;4; ; ; ; ; ; ; ; ; ; ; ; ; ;103;5;9;45;M+;Zona II - Cuenca Noreste      Bajo;226,3666494;111059;107204
1107;1;2;1;1107010201;51;4;1; ; ; ; ; ; ; ; ; ; ; ; ; ;121;3;9;45;M+;Zona II - Cuenca Noreste      Bajo;226,3666494;107204;118128
1107;1;3;1;1107010301;12;2;0;2;2; ; ;2; ;2; ; ; ; ; ; ; ; ; ;45;M+;Zona II - Cuenca Noreste      Bajo;226,3666494; ; 
1107;1;4;1;1107010401;42;1;1; ; ; ; ; ; ; ; ; ; ;208;3;1; ; ; ;45;M+;Zona II - Cuenca Noreste      Bajo;226,3666494; ; 
1108;1;1;1;1108010101;2; ; ; ; ; ; ; ; ; ;1; ; ; ; ; ; ; ; ;29;B+;Montevideo Medio Bajo;570,6641003; ; 
1108;1;2;1;1108010201;2; ; ; ; ; ; ; ; ; ;1; ; ; ; ; ; ; ; ;29;B+;Montevideo Medio Bajo;570,6641003; ; 
1108;1;3;1;1108010301;2; ; ; ; ; ; ; ; ; ;1; ; ; ; ; ; ; ; ;29;B+;Montevideo Medio Bajo;570,6641003; ; 
1108;1;4;1;1108010401;2; ; ; ; ; ; ; ; ; ;1; ; ; ; ; ; ; ; ;29;B+;Montevideo Medio Bajo;570,6641003; ; 
1108;2;1;1;1108020101;2; ; ; ; ; ; ; ; ; ;7;4; ; ; ; ; ; ; ;29;B+;Montevideo Medio Bajo;570,6641003; ; 
1108;2;1;2;1108020102;51;0;2; ; ; ; ; ; ; ; ; ; ; ; ; ;404;10;1;29;B+;Montevideo Medio Bajo;570,6641003;111130;112228
1108;2;2;1;1108020201;51;2;0; ; ; ; ; ; ; ; ; ; ; ; ; ;404;10;1;29;B+;Montevideo Medio Bajo;570,6641003;112228;111130
1108;2;2;2;1108020202;2; ; ; ; ; ; ; ; ; ;7;4; ; ; ; ; ; ; ;29;B+;Montevideo Medio Bajo;570,6641003; ; 
1108;3;1;1;1108030101;2; ; ; ; ; ; ; ; ; ;7;4; ; ; ; ; ; ; ;29;B+;Montevideo Medio Bajo;570,6641003; ; 
1108;3;1;2;1108030102;51;0;1; ; ; ; ; ; ; ; ; ; ; ; ; ;103;3;1;29;B+;Montevideo Medio Bajo;570,6641003;111130;110012
1108;3;2;1;1108030201;51;1;0; ; ; ; ; ; ; ; ; ; ; ; ; ;316;5;1;29;B+;Montevideo Medio Bajo;570,6641003;110012;111130
1108;3;2;2;1108030202;2; ; ; ; ; ; ; ; ; ;7;4; ; ; ; ; ; ; ;29;B+;Montevideo Medio Bajo;570,6641003; ; 
1108;3;3;1;1108030301;2; ; ; ; ; ; ; ; ; ;7;5; ; ; ; ; ; ; ;29;B+;Montevideo Medio Bajo;570,6641003; ; 
1108;3;4;1;1108030401;2; ; ; ; ; ; ; ; ; ;7;5; ; ; ; ; ; ; ;29;B+;Montevideo Medio Bajo;570,6641003; ; 
1108;3;5;1;1108030501;51;1;2; ; ; ; ; ; ; ; ; ; ; ; ; ;115;10;1;29;B+;Montevideo Medio Bajo;570,6641003;110012;199056
1108;3;6;1;1108030601;51;1;0; ; ; ; ; ; ; ; ; ; ; ; ; ;103;5;1;29;B+;Montevideo Medio Bajo;570,6641003;110012;111130
1108;3;6;2;1108030602;2; ; ; ; ; ; ; ; ; ;7;4; ; ; ; ; ; ; ;29;B+;Montevideo Medio Bajo;570,6641003; ; 
1109;1;1;1;1109010101;12;0;1;2;2; ; ;2; ;2; ; ; ; ; ; ; ; ; ;53;A-;Zona II - Cuenca Noreste      NoBajo;110,5413253; ; 
1109;1;2;1;1109010201;12;1;1;2;2; ; ;2; ;5; ; ; ; ; ; ; ; ; ;53;A-;Zona II - Cuenca Noreste      NoBajo;110,5413253; ; 
1109;1;3;1;1109010301;12;0;0;2;2; ; ;2; ;5; ; ; ; ; ; ; ; ; ;53;A-;Zona II - Cuenca Noreste      NoBajo;110,5413253; ; 
1109;1;4;1;1109010401;11;0;0;5;2; ; ;2; ;2; ; ; ; ; ; ; ; ; ;53;A-;Zona II - Cuenca Noreste      NoBajo;110,5413253; ; 
1109;2;1;1;1109020101;11;0;0;2;2; ; ;2; ;2; ; ; ; ; ; ; ; ; ;53;A-;Zona II - Cuenca Noreste      NoBajo;110,5413253; ; 
1109;2;2;1;1109020201;11;0;2;2;2; ; ;2; ;0; ; ; ; ; ; ; ; ; ;53;A-;Zona II - Cuenca Noreste      NoBajo;110,5413253; ; 
1109;2;3;1;1109020301;11;2;0;2;2; ; ;2; ;4; ; ; ; ; ; ; ; ; ;53;A-;Zona II - Cuenca Noreste      NoBajo;110,5413253; ; 
1109;2;4;1;1109020401;11;0;1;2;2; ; ;2; ;4; ; ; ; ; ; ; ; ; ;53;A-;Zona II - Cuenca Noreste      NoBajo;110,5413253; ; 
1109;2;5;1;1109020501;12;0;0;2;2; ; ;2; ;4; ; ; ; ; ; ; ; ; ;53;A-;Zona II - Cuenca Noreste      NoBajo;110,5413253; ; 
1109;2;6;1;1109020601;12;0;0;5;2; ; ;2; ;2; ; ; ; ; ; ; ; ; ;53;A-;Zona II - Cuenca Noreste      NoBajo;110,5413253; ; 
1110;1;1;1;1110010101;2; ; ; ; ; ; ; ; ; ;1; ; ; ; ; ; ; ; ;37;M;Zona I - Casavalle            NoBajo;71,78064968; ; 
1110;1;2;1;1110010201;2; ; ; ; ; ; ; ; ; ;1; ; ; ; ; ; ; ; ;37;M;Zona I - Casavalle            NoBajo;71,78064968; ; 
1111;1;1;1;1111010101;2; ; ; ; ; ; ; ; ; ;1; ; ; ; ; ; ; ; ;24;B+;Zona I - Casavalle            NoBajo;86,79007659; ; 
1111;1;2;1;1111010201;2; ; ; ; ; ; ; ; ; ;1; ; ; ; ; ; ; ; ;24;B+;Zona I - Casavalle            NoBajo;86,79007659; ; 
1111;2;1;1;1111020101;2; ; ; ; ; ; ; ; ; ;1; ; ; ; ; ; ; ; ;24;B+;Zona I - Casavalle            NoBajo;86,79007659; ; 
1111;2;2;1;1111020201;2; ; ; ; ; ; ; ; ; ;1; ; ; ; ; ; ; ; ;24;B+;Zona I - Casavalle            NoBajo;86,79007659; ; 
1113;1;1;1;1113010101;51;3;1; ; ; ; ; ; ; ; ; ; ; ; ; ;192;10;3;39;M;Zona I - Casavalle            NoBajo;115,5739115;117209;118226
1113;1;1;2;1113010102;51;0;0; ; ; ; ; ; ; ; ; ; ; ; ; ;142;3;3;39;M;Zona I - Casavalle            NoBajo;115,5739115;118226;124106
1113;1;2;1;1113010201;51;1;3; ; ; ; ; ; ; ; ; ; ; ; ; ;526;5;3;39;M;Zona I - Casavalle            NoBajo;115,5739115;124118;118226
1113;1;2;2;1113010202;51;0;0; ; ; ; ; ; ; ; ; ; ; ; ; ;192;15;3;39;M;Zona I - Casavalle            NoBajo;115,5739115;118226;117209
1113;2;1;1;1113020101;51;1;2; ; ; ; ; ; ; ; ; ; ; ; ; ;155;5;3;39;M;Zona I - Casavalle            NoBajo;115,5739115;117209;112026
1113;2;2;1;1113020201;51;3;1; ; ; ; ; ; ; ; ; ; ; ; ; ;155;10;3;39;M;Zona I - Casavalle            NoBajo;115,5739115;112026;117209
1113;2;3;1;1113020301;2; ; ; ; ; ; ; ; ; ;3; ; ; ; ; ; ; ; ;39;M;Zona I - Casavalle            NoBajo;115,5739115; ; 
1113;2;4;1;1113020401;2; ; ; ; ; ; ; ; ; ;3; ; ; ; ; ; ; ; ;39;M;Zona I - Casavalle            NoBajo;115,5739115; ; 
1114;1;1;1;1114010101;11;1;1;4;2; ; ;2; ;1; ; ; ; ; ; ; ; ; ;32;M-;Zona I - Casavalle            NoBajo;83,04401918; ; 
1114;1;2;1;1114010201;11;1;1;2;2; ; ;2; ;1; ; ; ; ; ; ; ; ; ;32;M-;Zona I - Casavalle            NoBajo;83,04401918; ; 
1114;1;3;1;1114010301;11;0;0;4;1;1;90;2; ;1; ; ; ; ; ; ; ; ; ;32;M-;Zona I - Casavalle            NoBajo;83,04401918; ; 
1114;1;4;1;1114010401;2; ; ; ; ; ; ; ; ; ;3; ; ; ; ; ; ; ; ;32;M-;Zona I - Casavalle            NoBajo;83,04401918; ; 
1114;1;5;1;1114010501;11;3;0;5;2; ; ;2; ;1; ; ; ; ; ; ; ; ; ;32;M-;Zona I - Casavalle            NoBajo;83,04401918; ; 
1114;2;1;1;1114020101;2; ; ; ; ; ; ; ; ; ;1; ; ; ; ; ; ; ; ;32;M-;Zona I - Casavalle            NoBajo;83,04401918; ; 
1114;2;2;1;1114020201;2; ; ; ; ; ; ; ; ; ;1; ; ; ; ; ; ; ; ;32;M-;Zona I - Casavalle            NoBajo;83,04401918; ; 
1114;2;3;1;1114020301;12;1;1;4;2; ; ;2; ;1; ; ; ; ; ; ; ; ; ;32;M-;Zona I - Casavalle            NoBajo;83,04401918; ; 
1114;2;4;1;1114020401;12;1;1;2;2; ; ;2; ;1; ; ; ; ; ; ; ; ; ;32;M-;Zona I - Casavalle            NoBajo;83,04401918; ; 
1114;2;5;1;1114020501;12;0;0;4;1;1;0;2; ;1; ; ; ; ; ; ; ; ; ;32;M-;Zona I - Casavalle            NoBajo;83,04401918; ; 
1114;2;6;1;1114020601;2; ; ; ; ; ; ; ; ; ;3; ; ; ; ; ; ; ; ;32;M-;Zona I - Casavalle            NoBajo;83,04401918; ; 
1114;2;7;1;1114020701;12;3;0;5;2; ; ;2; ;1; ; ; ; ; ; ; ; ; ;32;M-;Zona I - Casavalle            NoBajo;83,04401918; ; 
1114;3;1;1;1114030101;51;1;0; ; ; ; ; ; ; ; ; ; ; ; ; ;505;10;1;32;M-;Zona I - Casavalle            NoBajo;83,04401918;111008;101204
1114;3;1;2;1114030102;2; ; ; ; ; ; ; ; ; ;5;3; ; ; ; ; ; ; ;32;M-;Zona I - Casavalle            NoBajo;83,04401918; ; 
1114;3;2;1;1114030201;51;4;2; ; ; ; ; ; ; ; ; ; ; ; ; ;175;13;1;32;M-;Zona I - Casavalle            NoBajo;83,04401918;101205;111008
1115;1;1;1;1115010101;51;2;2; ; ; ; ; ; ; ; ; ; ; ; ; ;L4;15;3;16;B-;Zona III - Cuenca Cerro Norte Bajo;187,9545455;113235;113232
1115;1;1;2;1115010102;51;2;0; ; ; ; ; ; ; ; ; ; ; ; ; ;185;40;3;16;B-;Zona III - Cuenca Cerro Norte Bajo;187,9545455;113033;112212
1115;1;1;3;1115010103;2; ; ; ; ; ; ; ; ; ;8;3; ; ; ; ; ; ; ;16;B-;Zona III - Cuenca Cerro Norte Bajo;187,9545455; ; 
1115;1;2;1;1115010201;2; ; ; ; ; ; ; ; ; ;8;3; ; ; ; ; ; ; ;16;B-;Zona III - Cuenca Cerro Norte Bajo;187,9545455; ; 
1115;1;2;2;1115010202;51;0;0; ; ; ; ; ; ; ; ; ; ; ; ; ;76;15;3;16;B-;Zona III - Cuenca Cerro Norte Bajo;187,9545455;112212;113030
1115;1;2;3;1115010203;51;0;2; ; ; ; ; ; ; ; ; ; ; ; ; ;L4;20;15;16;B-;Zona III - Cuenca Cerro Norte Bajo;187,9545455;113030;113235
1115;1;3;1;1115010301;2; ; ; ; ; ; ; ; ; ;4; ; ; ; ; ; ; ; ;16;B-;Zona III - Cuenca Cerro Norte Bajo;187,9545455; ; 
1115;1;4;1;1115010401;2; ; ; ; ; ; ; ; ; ;4; ; ; ; ; ; ; ; ;16;B-;Zona III - Cuenca Cerro Norte Bajo;187,9545455; ; 
1115;2;1;1;1115020101;2; ; ; ; ; ; ; ; ; ;8;3; ; ; ; ; ; ; ;16;B-;Zona III - Cuenca Cerro Norte Bajo;187,9545455; ; 
1115;2;1;2;1115020102;51;0;0; ; ; ; ; ; ; ; ; ; ; ; ; ;185;20;3;16;B-;Zona III - Cuenca Cerro Norte Bajo;187,9545455;112212;113030
1115;2;1;3;1115020103;51;0;2; ; ; ; ; ; ; ; ; ; ; ; ; ;L4;10;3;16;B-;Zona III - Cuenca Cerro Norte Bajo;187,9545455;113030;113235
1115;2;2;1;1115020201;51;2;0; ; ; ; ; ; ; ; ; ; ; ; ; ;L4;25;3;16;B-;Zona III - Cuenca Cerro Norte Bajo;187,9545455;113235;113030
1115;2;2;2;1115020202;51;0;0; ; ; ; ; ; ; ; ; ; ; ; ; ;185;15;3;16;B-;Zona III - Cuenca Cerro Norte Bajo;187,9545455;113030;112212
1115;2;2;3;1115020203;2; ; ; ; ; ; ; ; ; ;5;3; ; ; ; ; ; ; ;16;B-;Zona III - Cuenca Cerro Norte Bajo;187,9545455; ; 
1115;4;1;1;1115040101;2; ; ; ; ; ; ; ; ; ;2; ; ; ; ; ; ; ; ;16;B-;Zona III - Cuenca Cerro Norte Bajo;187,9545455; ; 
1115;4;2;1;1115040201;2; ; ; ; ; ; ; ; ; ;2; ; ; ; ; ; ; ; ;16;B-;Zona III - Cuenca Cerro Norte Bajo;187,9545455; ; 
1115;7;1;1;1115070101;51;2;0; ; ; ; ; ; ; ; ; ; ; ; ; ;L4;15;3;16;B-;Zona III - Cuenca Cerro Norte Bajo;187,9545455;113235;113030
1115;7;1;2;1115070102;51;0;4; ; ; ; ; ; ; ; ; ; ; ; ; ;370;30;3;16;B-;Zona III - Cuenca Cerro Norte Bajo;187,9545455;113030;123003
1115;7;2;1;1115070201;12;0;0;2;2; ; ;2; ;2; ; ; ; ; ; ; ; ; ;16;B-;Zona III - Cuenca Cerro Norte Bajo;187,9545455; ; 
1116;1;1;1;1116010101;54;0;0; ; ; ; ; ; ; ; ; ; ; ; ; ; ; ; ;26;B+;Zona III - Cuenca Cerro Norte Bajo;156,9456162; ; 
1116;1;2;1;1116010201;54;0;0; ; ; ; ; ; ; ; ; ; ; ; ; ; ; ; ;26;B+;Zona III - Cuenca Cerro Norte Bajo;156,9456162; ; 
1116;1;3;1;1116010301;51;2;1; ; ; ; ; ; ; ; ; ; ; ; ; ;99999;40;99;26;B+;Zona III - Cuenca Cerro Norte Bajo;156,9456162; ;113236
1116;1;3;2;1116010302;51;1;0; ; ; ; ; ; ; ; ; ; ; ; ; ;163;15;15;26;B+;Zona III - Cuenca Cerro Norte Bajo;156,9456162;113236;113030
1116;1;3;3;1116010303;51;0;3; ; ; ; ; ; ; ; ; ; ; ; ; ;L4;15;15;26;B+;Zona III - Cuenca Cerro Norte Bajo;156,9456162;113030;113033
1116;2;1;1;1116020101;51;3;1; ; ; ; ; ; ; ; ; ; ; ; ; ;L4;15;15;26;B+;Zona III - Cuenca Cerro Norte Bajo;156,9456162;113033;113030
1116;2;2;1;1116020201;51;1;3; ; ; ; ; ; ; ; ; ; ; ; ; ;L4;2;15;26;B+;Zona III - Cuenca Cerro Norte Bajo;156,9456162;113030;113033
1116;3;1;1;1116030101;51;3;1; ; ; ; ; ; ; ; ; ; ; ; ; ;L4;15;10;26;B+;Zona III - Cuenca Cerro Norte Bajo;156,9456162;113033;113030
1116;3;2;1;1116030201;51;1;3; ; ; ; ; ; ; ; ; ; ; ; ; ;L4;2;10;26;B+;Zona III - Cuenca Cerro Norte Bajo;156,9456162;113030;113033
1117;1;1;1;1117010101;3; ; ; ; ; ; ; ; ; ; ; ;2; ; ; ; ; ; ;40;M;Zona III - Cuenca Cerro Norte Bajo;131,0359014; ; 
1117;1;2;1;1117010201;3; ; ; ; ; ; ; ; ; ; ; ;1; ; ; ; ; ; ;40;M;Zona III - Cuenca Cerro Norte Bajo;131,0359014; ; 
1117;1;3;1;1117010301;51;1;0; ; ; ; ; ; ; ; ; ; ; ; ; ;L4;10;3;40;M;Zona III - Cuenca Cerro Norte Bajo;131,0359014;113235;113030
1117;1;3;2;1117010302;51;0;4; ; ; ; ; ; ; ; ; ; ; ; ; ;124;15;3;40;M;Zona III - Cuenca Cerro Norte Bajo;131,0359014;113030;101104
1117;1;4;1;1117010401;51;1;0; ; ; ; ; ; ; ; ; ; ; ; ; ;D2;15;5;40;M;Zona III - Cuenca Cerro Norte Bajo;131,0359014;101105;113030
1117;1;4;2;1117010402;42;1;0; ; ; ; ; ; ; ; ; ; ;100;2;0; ; ; ;40;M;Zona III - Cuenca Cerro Norte Bajo;131,0359014; ; 
1117;2;1;1;1117020101;3; ; ; ; ; ; ; ; ; ; ; ;2; ; ; ; ; ; ;40;M;Zona III - Cuenca Cerro Norte Bajo;131,0359014; ; 
1117;2;2;1;1117020201;3; ; ; ; ; ; ; ; ; ; ; ;1; ; ; ; ; ; ;40;M;Zona III - Cuenca Cerro Norte Bajo;131,0359014; ; 
1118;1;1;1;1118010101;51;2;0; ; ; ; ; ; ; ; ; ; ; ; ; ;L4;5;3;21;B-;Zona III - Cuenca Cerro Norte Bajo;150,1714859;113235;113030
1118;1;1;2;1118010102;51;0;0; ; ; ; ; ; ; ; ; ; ; ; ; ;306;20;3;21;B-;Zona III - Cuenca Cerro Norte Bajo;150,1714859;113030;122120
1118;1;1;3;1118010103;2; ; ; ; ; ; ; ; ; ;6;3; ; ; ; ; ; ; ;21;B-;Zona III - Cuenca Cerro Norte Bajo;150,1714859; ; 
1118;1;2;1;1118010201;2; ; ; ; ; ; ; ; ; ;6;3; ; ; ; ; ; ; ;21;B-;Zona III - Cuenca Cerro Norte Bajo;150,1714859; ; 
1118;1;2;2;1118010202;51;0;0; ; ; ; ; ; ; ; ; ; ; ; ; ;306;40;3;21;B-;Zona III - Cuenca Cerro Norte Bajo;150,1714859;122120;113030
1118;1;2;3;1118010203;51;0;2; ; ; ; ; ; ; ; ; ; ; ; ; ;L4;30;3;21;B-;Zona III - Cuenca Cerro Norte Bajo;150,1714859;113030;113235
1118;1;3;1;1118010301;2; ; ; ; ; ; ; ; ; ;1; ; ; ; ; ; ; ; ;21;B-;Zona III - Cuenca Cerro Norte Bajo;150,1714859; ; 
1118;2;1;1;1118020101;51;2;0; ; ; ; ; ; ; ; ; ; ; ; ; ;L4;25;3;21;B-;Zona III - Cuenca Cerro Norte Bajo;150,1714859;113033;113030
1118;2;1;2;1118020102;51;0;0; ; ; ; ; ; ; ; ; ; ; ; ; ;124;5;3;21;B-;Zona III - Cuenca Cerro Norte Bajo;150,1714859;113030;101204
1118;2;2;1;1118020201;51;0;0; ; ; ; ; ; ; ; ; ; ; ; ; ;125;10;3;21;B-;Zona III - Cuenca Cerro Norte Bajo;150,1714859;101204;113030
1118;2;2;2;1118020202;51;0;2; ; ; ; ; ; ; ; ; ; ; ; ; ;L4;20;3;21;B-;Zona III - Cuenca Cerro Norte Bajo;150,1714859;113030;113033
1118;3;1;1;1118030101;51;2;0; ; ; ; ; ; ; ; ; ; ; ; ; ;L4;5;10;21;B-;Zona III - Cuenca Cerro Norte Bajo;150,1714859;113235;113030
1118;3;1;2;1118030102;51;0;2; ; ; ; ; ; ; ; ; ; ; ; ; ;125;5;10;21;B-;Zona III - Cuenca Cerro Norte Bajo;150,1714859;113030;113005
1118;3;2;1;1118030201;51;0;0; ; ; ; ; ; ; ; ; ; ; ; ; ;125;5;10;21;B-;Zona III - Cuenca Cerro Norte Bajo;150,1714859;113001;113030
1118;3;2;2;1118030202;51;0;2; ; ; ; ; ; ; ; ; ; ; ; ; ;L4;15;10;21;B-;Zona III - Cuenca Cerro Norte Bajo;150,1714859;113030;113235
1118;3;3;1;1118030301;2; ; ; ; ; ; ; ; ; ;1; ; ; ; ; ; ; ; ;21;B-;Zona III - Cuenca Cerro Norte Bajo;150,1714859; ; 
1119;1;1;1;1119010101;51;4;0; ; ; ; ; ; ; ; ; ; ; ; ; ;456;30;4;9;B-;Zona III - Cuenca Cerro Norte Bajo;157,1441383;117103;112015
1119;1;1;2;1119010102;51;2;0; ; ; ; ; ; ; ; ; ; ; ; ; ;185;20;4;9;B-;Zona III - Cuenca Cerro Norte Bajo;157,1441383;112015;113030
1119;1;1;3;1119010103;51;0;1; ; ; ; ; ; ; ; ; ; ; ; ; ;L4;15;4;9;B-;Zona III - Cuenca Cerro Norte Bajo;157,1441383;113030;113235
1119;2;1;1;1119020101;51;1;1; ; ; ; ; ; ; ; ; ; ; ; ; ;L4;15;10;9;B-;Zona III - Cuenca Cerro Norte Bajo;157,1441383;113235;113030
1119;2;1;2;1119020102;51;1;0; ; ; ; ; ; ; ; ; ; ; ; ; ;185;5;10;9;B-;Zona III - Cuenca Cerro Norte Bajo;157,1441383;113030;113152
1119;2;1;3;1119020103;2; ; ; ; ; ; ; ; ; ;7;3; ; ; ; ; ; ; ;9;B-;Zona III - Cuenca Cerro Norte Bajo;157,1441383; ; 
1119;2;2;1;1119020201;2; ; ; ; ; ; ; ; ; ;7;3; ; ; ; ; ; ; ;9;B-;Zona III - Cuenca Cerro Norte Bajo;157,1441383; ; 
1119;2;2;2;1119020202;51;0;0; ; ; ; ; ; ; ; ; ; ; ; ; ;185;20;10;9;B-;Zona III - Cuenca Cerro Norte Bajo;157,1441383;113152;113030
1119;2;2;3;1119020203;51;0;1; ; ; ; ; ; ; ; ; ; ; ; ; ;L4;15;10;9;B-;Zona III - Cuenca Cerro Norte Bajo;157,1441383;113030;113235
1119;3;1;1;1119030101;51;4;0; ; ; ; ; ; ; ; ; ; ; ; ; ;456;30;12;9;B-;Zona III - Cuenca Cerro Norte Bajo;157,1441383;117103;112015
1119;3;1;2;1119030102;51;2;0; ; ; ; ; ; ; ; ; ; ; ; ; ;185;20;12;9;B-;Zona III - Cuenca Cerro Norte Bajo;157,1441383;112015;113030
1119;3;1;3;1119030103;51;0;1; ; ; ; ; ; ; ; ; ; ; ; ; ;L4;15;12;9;B-;Zona III - Cuenca Cerro Norte Bajo;157,1441383;113030;113235
1120;1;1;1;1120010101;51;1;0; ; ; ; ; ; ; ; ; ; ; ; ; ;L4;10;3;47;M+;Zona III - Cuenca Cerro Norte Bajo;134,1382634;113235;113030
1120;1;1;2;1120010102;51;0;3; ; ; ; ; ; ; ; ; ; ; ; ; ;163;10;3;47;M+;Zona III - Cuenca Cerro Norte Bajo;134,1382634;113030;119008
1120;1;2;1;1120010201;2; ; ; ; ; ; ; ; ; ;5;3; ; ; ; ; ; ; ;47;M+;Zona III - Cuenca Cerro Norte Bajo;134,1382634; ; 
1120;1;2;2;1120010202;51;0;0; ; ; ; ; ; ; ; ; ; ; ; ; ;163;20;3;47;M+;Zona III - Cuenca Cerro Norte Bajo;134,1382634;123202;113030
1120;1;2;3;1120010203;51;0;1; ; ; ; ; ; ; ; ; ; ; ; ; ;L4;25;3;47;M+;Zona III - Cuenca Cerro Norte Bajo;134,1382634;113030;113235
1120;2;1;1;1120020101;51;1;0; ; ; ; ; ; ; ; ; ; ; ; ; ;L4;5;3;47;M+;Zona III - Cuenca Cerro Norte Bajo;134,1382634;113235;113030
1120;2;1;2;1120020102;51;0;4; ; ; ; ; ; ; ; ; ; ; ; ; ;124;5;3;47;M+;Zona III - Cuenca Cerro Norte Bajo;134,1382634;113030;108008
1120;2;2;1;1120020201;51;4;1; ; ; ; ; ; ; ; ; ; ; ; ; ;370;2;3;47;M+;Zona III - Cuenca Cerro Norte Bajo;134,1382634;108006;120034
1120;2;3;1;1120020301;51;1;0; ; ; ; ; ; ; ; ; ; ; ; ; ;137;1;3;47;M+;Zona III - Cuenca Cerro Norte Bajo;134,1382634;120034;113030
1120;2;3;2;1120020302;51;0;1; ; ; ; ; ; ; ; ; ; ; ; ; ;L4;10;1;47;M+;Zona III - Cuenca Cerro Norte Bajo;134,1382634;113030;113235
1120;3;1;1;1120030101;12;0;0;4;2; ; ;2; ;1; ; ; ; ; ; ; ; ; ;47;M+;Zona III - Cuenca Cerro Norte Bajo;134,1382634; ; 
1120;3;2;1;1120030201;14;0;0;2;2; ; ;2; ;1; ; ; ; ; ; ; ; ; ;47;M+;Zona III - Cuenca Cerro Norte Bajo;134,1382634; ; 
1121;1;1;1;1121010101;2; ; ; ; ; ; ; ; ; ;1; ; ; ; ; ; ; ; ;38;M;Zona III - Cuenca Cerro Norte Bajo;103,7745505; ; 
1121;1;2;1;1121010201;2; ; ; ; ; ; ; ; ; ;1; ; ; ; ; ; ; ; ;38;M;Zona III - Cuenca Cerro Norte Bajo;103,7745505; ; 
1122;1;1;1;1122010101;2; ; ; ; ; ; ; ; ; ;4; ; ; ; ; ; ; ; ;17;B-;Zona III - Cuenca Cerro Norte Bajo;146,8838662; ; 
1122;1;2;1;1122010201;2; ; ; ; ; ; ; ; ; ;4; ; ; ; ; ; ; ; ;17;B-;Zona III - Cuenca Cerro Norte Bajo;146,8838662; ; 
1124;1;1;1;1124010101;11;0;0;1;2; ; ;2; ;0; ; ; ; ; ; ; ; ; ;58;A-;Ciudad del Plata, Libertad;86,75923587; ; 
1124;1;2;1;1124010201;11;0;0;5;2; ; ;2; ;0; ; ; ; ; ; ; ; ; ;58;A-;Ciudad del Plata, Libertad;86,75923587; ; 
1125;1;1;1;1125010101;11;0;0;2;2; ; ;2; ;1; ; ; ; ; ; ; ; ; ;42;M;Ciudad del Plata, Libertad;89,09467054; ; 
1125;1;2;1;1125010201;11;0;0;5;2; ; ;2; ;0; ; ; ; ; ; ; ; ; ;42;M;Ciudad del Plata, Libertad;89,09467054; ; 
1125;2;1;1;1125020101;12;0;0;2;2; ; ;2; ;1; ; ; ; ; ; ; ; ; ;42;M;Ciudad del Plata, Libertad;89,09467054; ; 
1125;2;2;1;1125020201;2; ; ; ; ; ; ; ; ; ;10;6; ; ; ; ; ; ; ;42;M;Ciudad del Plata, Libertad;89,09467054; ; 
1125;4;1;1;1125040101;51;1;1; ; ; ; ; ; ; ; ; ; ; ; ; ;99999;5;19;42;M;Ciudad del Plata, Libertad;89,09467054;1606016;1606202
1125;4;2;1;1125040201;51;1;1; ; ; ; ; ; ; ; ; ; ; ; ; ;99999;5;19;42;M;Ciudad del Plata, Libertad;89,09467054;1606202;1606016
1126;1;1;1;1126010101;51;2;4; ; ; ; ; ; ; ; ; ; ; ; ; ;227;5;1;25;B+;Ciudad del Plata, Libertad;78,48581705;1606315;1606016
1126;1;2;1;1126010201;2; ; ; ; ; ; ; ; ; ;40;6; ; ; ; ; ; ; ;25;B+;Ciudad del Plata, Libertad;78,48581705; ; 
1126;3;1;1;1126030101;2; ; ; ; ; ; ; ; ; ;5;3; ; ; ; ; ; ; ;25;B+;Ciudad del Plata, Libertad;78,48581705; ; 
1126;3;2;1;1126030201;2; ; ; ; ; ; ; ; ; ;5;3; ; ; ; ; ; ; ;25;B+;Ciudad del Plata, Libertad;78,48581705; ; 
1127;1;1;1;1127010101;12;0;0;2;2; ; ;2; ;2; ; ; ; ; ; ; ; ; ;51;A-;Ciudad del Plata, Libertad;78,87203261; ; 
1127;1;2;1;1127010201;12;0;0;2;2; ; ;2; ;2; ; ; ; ; ; ; ; ; ;51;A-;Ciudad del Plata, Libertad;78,87203261; ; 
1127;1;3;1;1127010301;12;0;0;2;2; ; ;2; ;2; ; ; ; ; ; ; ; ; ;51;A-;Ciudad del Plata, Libertad;78,87203261; ; 
1127;1;4;1;1127010401;12;0;0;5;2; ; ;2; ;2; ; ; ; ; ; ; ; ; ;51;A-;Ciudad del Plata, Libertad;78,87203261; ; 
1128;2;1;1;1128020101;13;0;0;2;2; ; ;2; ;1; ; ; ; ; ; ; ; ; ;23;B+;Ciudad del Plata, Libertad;113,7199859; ; 
1128;2;2;1;1128020201;13;0;0;5;2; ; ;2; ;0; ; ; ; ; ; ; ; ; ;23;B+;Ciudad del Plata, Libertad;113,7199859; ; 
1128;2;3;1;1128020301;13;0;0;2;2; ; ;2; ;0; ; ; ; ; ; ; ; ; ;23;B+;Ciudad del Plata, Libertad;113,7199859; ; 
1128;2;4;1;1128020401;13;0;0;5;2; ; ;2; ;1; ; ; ; ; ; ; ; ; ;23;B+;Ciudad del Plata, Libertad;113,7199859; ; 
1128;3;1;1;1128030101;2; ; ; ; ; ; ; ; ; ;6;7; ; ; ; ; ; ; ;23;B+;Ciudad del Plata, Libertad;113,7199859; ; 
1128;3;2;1;1128030201;2; ; ; ; ; ; ; ; ; ;6;7; ; ; ; ; ; ; ;23;B+;Ciudad del Plata, Libertad;113,7199859; ; 
1128;4;1;1;1128040101;14;0;0;2;2; ; ;2; ;1; ; ; ; ; ; ; ; ; ;23;B+;Ciudad del Plata, Libertad;113,7199859; ; 
1128;4;2;1;1128040201;14;0;0;5;2; ; ;2; ;1; ; ; ; ; ; ; ; ; ;23;B+;Ciudad del Plata, Libertad;113,7199859; ; 
1131;4;1;1;1131040101;51;2;0; ; ; ; ; ; ; ; ; ; ; ; ; ;99999;5;19;30;M-;Ciudad del Plata, Libertad;96,94876791;1606315;106202
1131;4;2;1;1131040201;2; ; ; ; ; ; ; ; ; ;6;7; ; ; ; ; ; ; ;30;M-;Ciudad del Plata, Libertad;96,94876791; ; 
1131;4;2;2;1131040202;51;0;2; ; ; ; ; ; ; ; ; ; ; ; ; ;99999;5;19;30;M-;Ciudad del Plata, Libertad;96,94876791;101002;1606315
1132;2;1;1;1132020101;2; ; ; ; ; ; ; ; ; ;9;5; ; ; ; ; ; ; ;22;B+;Ciudad del Plata, Libertad;70,59308964; ; 
1132;2;2;1;1132020201;2; ; ; ; ; ; ; ; ; ;9;5; ; ; ; ; ; ; ;22;B+;Ciudad del Plata, Libertad;70,59308964; ; 
1133;1;1;1;1133010101;2; ; ; ; ; ; ; ; ; ;10;3; ; ; ; ; ; ; ;20;B-;Ciudad del Plata, Libertad;123,9464286; ; 
1133;1;2;1;1133010201;2; ; ; ; ; ; ; ; ; ;10;3; ; ; ; ; ; ; ;20;B-;Ciudad del Plata, Libertad;123,9464286; ; 
1133;3;1;1;1133030101;51;1;0; ; ; ; ; ; ; ; ; ; ; ; ; ;99999;5;1;20;B-;Ciudad del Plata, Libertad;123,9464286;1606321;108006
1133;3;1;2;1133030102;2; ; ; ; ; ; ; ; ; ;6;3; ; ; ; ; ; ; ;20;B-;Ciudad del Plata, Libertad;123,9464286; ; 
1133;3;2;1;1133030201;2; ; ; ; ; ; ; ; ; ;6;3; ; ; ; ; ; ; ;20;B-;Ciudad del Plata, Libertad;123,9464286; ; 
1133;3;2;2;1133030202;51;0;0; ; ; ; ; ; ; ; ; ; ; ; ; ;99999;10;1;20;B-;Ciudad del Plata, Libertad;123,9464286;108006;1606114
1133;3;2;3;1133030203;2; ; ; ; ; ; ; ; ; ;6;3; ; ; ; ; ; ; ;20;B-;Ciudad del Plata, Libertad;123,9464286; ; 
1133;4;1;1;1133040101;2; ; ; ; ; ; ; ; ; ;5;3; ; ; ; ; ; ; ;20;B-;Ciudad del Plata, Libertad;123,9464286; ; 
1133;4;1;2;1133040102;51;0;0; ; ; ; ; ; ; ; ; ; ; ; ; ;99999;5;1;20;B-;Ciudad del Plata, Libertad;123,9464286;1606114;101002
1133;4;1;3;1133040103;2; ; ; ; ; ; ; ; ; ;5;3; ; ; ; ; ; ; ;20;B-;Ciudad del Plata, Libertad;123,9464286; ; 
1133;4;2;1;1133040201;2; ; ; ; ; ; ; ; ; ;5;3; ; ; ; ; ; ; ;20;B-;Ciudad del Plata, Libertad;123,9464286; ; 
1133;4;2;2;1133040202;51;0;1; ; ; ; ; ; ; ; ; ; ; ; ; ;99999;10;1;20;B-;Ciudad del Plata, Libertad;123,9464286;101002;1606321
1133;5;1;1;1133050101;2; ; ; ; ; ; ; ; ; ;6;3; ; ; ; ; ; ; ;20;B-;Ciudad del Plata, Libertad;123,9464286; ; 
1133;5;1;2;1133050102;51;0;4; ; ; ; ; ; ; ; ; ; ; ; ; ;99999;5;10;20;B-;Ciudad del Plata, Libertad;123,9464286;1606114;1606111
1133;5;2;1;1133050201;51;4;0; ; ; ; ; ; ; ; ; ; ; ; ; ;99999;15;10;20;B-;Ciudad del Plata, Libertad;123,9464286;1606111;1606114
1133;5;2;2;1133050202;2; ; ; ; ; ; ; ; ; ;6;3; ; ; ; ; ; ; ;20;B-;Ciudad del Plata, Libertad;123,9464286; ; 
1133;6;1;1;1133060101;51;1;1; ; ; ; ; ; ; ; ; ; ; ; ; ;99999;10;10;20;B-;Ciudad del Plata, Libertad;123,9464286;1606321;1606211
1133;6;2;1;1133060201;51;4;0; ; ; ; ; ; ; ; ; ; ; ; ; ;99999;15;10;20;B-;Ciudad del Plata, Libertad;123,9464286;1606111;1606114
1133;6;2;2;1133060202;2; ; ; ; ; ; ; ; ; ;6;3; ; ; ; ; ; ; ;20;B-;Ciudad del Plata, Libertad;123,9464286; ; 
1133;7;1;1;1133070101;2; ; ; ; ; ; ; ; ; ;10;3; ; ; ; ; ; ; ;20;B-;Ciudad del Plata, Libertad;123,9464286; ; 
1133;7;2;1;1133070201;51;0;1; ; ; ; ; ; ; ; ; ; ; ; ; ;99999;1;10;20;B-;Ciudad del Plata, Libertad;123,9464286;1606110;1606321
1134;1;1;1;1134010101;13;0;0;2;2; ; ;2; ;0; ; ; ; ; ; ; ; ; ;29;B+;Ciudad del Plata, Libertad;73,74184482; ; 
1134;1;2;1;1134010201;13;0;0;5;2; ; ;2; ;0; ; ; ; ; ; ; ; ; ;29;B+;Ciudad del Plata, Libertad;73,74184482; ; 
1135;4;1;1;1135040101;51;0;0; ; ; ; ; ; ; ; ; ; ; ; ; ;99999;5;10;14;B-;Ciudad del Plata, Libertad;116,9986977;1606321;1606110
1135;4;2;1;1135040201;51;0;0; ; ; ; ; ; ; ; ; ; ; ; ; ;99999;5;10;14;B-;Ciudad del Plata, Libertad;116,9986977;1606110;1606321
1135;5;1;1;1135050101;51;0;0; ; ; ; ; ; ; ; ; ; ; ; ; ;99999;5;10;14;B-;Ciudad del Plata, Libertad;116,9986977;1606321;1606110
1135;5;2;1;1135050201;51;0;0; ; ; ; ; ; ; ; ; ; ; ; ; ;99999;5;10;14;B-;Ciudad del Plata, Libertad;116,9986977;1606110;1606321
1137;1;1;1;1137010101;3; ; ; ; ; ; ; ; ; ; ; ;1; ; ; ; ; ; ;38;M;Sauce, San Jacinto, Tala,  Santoral  y Otras;99,57624105; ; 
1137;1;2;1;1137010201;3; ; ; ; ; ; ; ; ; ; ; ;1; ; ; ; ; ; ;38;M;Sauce, San Jacinto, Tala,  Santoral  y Otras;99,57624105; ; 
1137;2;1;1;1137020101;51;1;0; ; ; ; ; ; ; ; ; ; ; ; ; ;99999;5;8;38;M;Sauce, San Jacinto, Tala,  Santoral  y Otras;99,57624105;311001;108105
1137;2;2;1;1137020201;51;1;0; ; ; ; ; ; ; ; ; ; ; ; ; ;11A;5;8;38;M;Sauce, San Jacinto, Tala,  Santoral  y Otras;99,57624105;108105;311001
1138;1;1;1;1138010101;51;4;4; ; ; ; ; ; ; ; ; ; ; ; ; ;11A;5;1;42;M;Sauce, San Jacinto, Tala,  Santoral  y Otras;69,62976153;311001;108006
1138;1;2;1;1138010201;51;3;3; ; ; ; ; ; ; ; ; ; ; ; ; ;11A;5;1;42;M;Sauce, San Jacinto, Tala,  Santoral  y Otras;69,62976153;108006;311001
1138;2;1;1;1138020101;51;3;3; ; ; ; ; ; ; ; ; ; ; ; ; ;11A;5;1;42;M;Sauce, San Jacinto, Tala,  Santoral  y Otras;69,62976153;311001;122118
1138;2;2;1;1138020201;51;0;0; ; ; ; ; ; ; ; ; ; ; ; ; ;11A;5;1;42;M;Sauce, San Jacinto, Tala,  Santoral  y Otras;69,62976153;122118;311001
1140;1;1;1;1140010101;42;0;1; ; ; ; ; ; ; ; ; ; ;80;2;0; ; ; ;16;B-;Sauce, San Jacinto, Tala,  Santoral  y Otras;91,6826707; ; 
1140;1;2;1;1140010201;41;0;1; ; ; ; ; ; ; ; ; ; ;80;2;0; ; ; ;16;B-;Sauce, San Jacinto, Tala,  Santoral  y Otras;91,6826707; ; 
1140;2;1;1;1140020101;13;0;1;5;2; ; ;2; ;0; ; ; ; ; ; ; ; ; ;16;B-;Sauce, San Jacinto, Tala,  Santoral  y Otras;91,6826707; ; 
1140;2;2;1;1140020201;13;1;0;5;2; ; ;2; ;0; ; ; ; ; ; ; ; ; ;16;B-;Sauce, San Jacinto, Tala,  Santoral  y Otras;91,6826707; ; 
1140;2;3;1;1140020301;13;0;1;1;2; ; ;2; ;0; ; ; ; ; ; ; ; ; ;16;B-;Sauce, San Jacinto, Tala,  Santoral  y Otras;91,6826707; ; 
1140;2;4;1;1140020401;13;1;0;5;2; ; ;2; ;0; ; ; ; ; ; ; ; ; ;16;B-;Sauce, San Jacinto, Tala,  Santoral  y Otras;91,6826707; ; 
1140;3;1;1;1140030101;2; ; ; ; ; ; ; ; ; ;7;5; ; ; ; ; ; ; ;16;B-;Sauce, San Jacinto, Tala,  Santoral  y Otras;91,6826707; ; 
1140;3;2;1;1140030201;2; ; ; ; ; ; ; ; ; ;7;5; ; ; ; ; ; ; ;16;B-;Sauce, San Jacinto, Tala,  Santoral  y Otras;91,6826707; ; 
1140;6;1;1;1140060101;2; ; ; ; ; ; ; ; ; ;6;3; ; ; ; ; ; ; ;16;B-;Sauce, San Jacinto, Tala,  Santoral  y Otras;91,6826707; ; 
1140;6;2;1;1140060201;2; ; ; ; ; ; ; ; ; ;6;3; ; ; ; ; ; ; ;16;B-;Sauce, San Jacinto, Tala,  Santoral  y Otras;91,6826707; ; 
1141;1;1;1;1141010101;2; ; ; ; ; ; ; ; ; ;10;5; ; ; ; ; ; ; ;49;M+;Sauce, San Jacinto, Tala,  Santoral  y Otras;59,09877224; ; 
1141;1;2;1;1141010201;2; ; ; ; ; ; ; ; ; ;10;5; ; ; ; ; ; ; ;49;M+;Sauce, San Jacinto, Tala,  Santoral  y Otras;59,09877224; ; 
1142;1;1;1;1142010101;2; ; ; ; ; ; ; ; ; ;8;3; ; ; ; ; ; ; ;27;B+;Sauce, San Jacinto, Tala,  Santoral  y Otras;104,1996921; ; 
1142;1;2;1;1142010201;2; ; ; ; ; ; ; ; ; ;8;3; ; ; ; ; ; ; ;27;B+;Sauce, San Jacinto, Tala,  Santoral  y Otras;104,1996921; ; 
1142;2;1;1;1142020101;2; ; ; ; ; ; ; ; ; ;5;3; ; ; ; ; ; ; ;27;B+;Sauce, San Jacinto, Tala,  Santoral  y Otras;104,1996921; ; 
1142;2;2;1;1142020201;2; ; ; ; ; ; ; ; ; ;5;3; ; ; ; ; ; ; ;27;B+;Sauce, San Jacinto, Tala,  Santoral  y Otras;104,1996921; ; 
1142;3;1;1;1142030101;2; ; ; ; ; ; ; ; ; ;6;3; ; ; ; ; ; ; ;27;B+;Sauce, San Jacinto, Tala,  Santoral  y Otras;104,1996921; ; 
